1287 2063
185 104 235 179 20
373 120 520 169 Wird
531 123 575 174 in
588 109 778 176 ſeinem
744 105 784 180 6.
792 120 931 180 Jahre

193 196 402 263 umbringen
413 202 556 261 wolten,
571 206 642 245 und
658 208 778 244 andere
788 201 974 254 entſetzliche
989 201 1120 249 Larven

145 264 265 303 und
291 257 423 303 Bilder
443 256 539 308 mehr,
579 259 644 299 mit
665 262 770 300 denen
790 257 839 308 ich
858 257 918 309 faſt
937 260 988 301 die
1008 266 1118 312 gantze

192 313 316 366 Nacht
330 312 509 366 gequaͤhlet
528 317 658 365 wurde,
671 313 778 362 deſſen
788 312 837 365 ich
851 312 936 365 mich
956 314 1038 367 noch
1059 314 1151 367 auf

146 373 266 418 eine
280 368 435 413 dunckele
448 369 579 421 Weiſe,
593 374 664 411 und
678 378 746 412 nur
760 370 826 411 wie
838 369 887 412 im
895 367 1052 415 Traume
1069 381 1120 412 er⸗

173 429 322 478 innere,
342 427 408 467 wie
434 429 470 468 es
491 430 583 479 dann
608 424 693 477 auch
714 435 781 467 nur
802 426 855 466 ein
877 423 1019 470 Traum
1030 434 1117 471 war.

191 481 254 534 In
268 482 368 530 dieſer
381 478 485 532 Roth
501 486 571 523 und
587 478 693 531 Angſt
710 481 797 532 fieng
818 478 881 533 ich
890 490 939 522 an
952 489 993 532 zu
1007 480 1118 533 beten,

190 544 262 582 und
277 539 393 580 indem
406 534 456 588 ich
473 535 590 588 betete,
607 536 683 579 kam
704 540 740 578 es
762 537 831 578 mir
842 546 917 587 vor,
937 538 989 578 als
1010 535 1050 578 ob
1070 538 1118 578 ie⸗

189 597 296 637 mand
311 594 365 636 die
379 591 565 636 bekannten
582 591 711 635 Worte
725 596 790 633 aus
806 596 880 633 dem
901 588 1119 640 Buß⸗Liede

180 651 256 693 mit
272 646 487 701 beweglicher
504 646 676 692 Stimme
697 646 810 699 ſaͤnge:
838 644 971 691 GOtt
990 645 1059 698 hat
1075 647 1117 690 in

188 703 309 757 ſeiner
363 710 428 748 Hute
444 700 535 751 alle,
551 702 609 746 die
626 711 667 746 er
681 700 752 755 hat
765 696 933 749 erweckt,
950 700 1118 753 erkaufft

188 760 306 811 durch
362 756 487 814 CHriſti
502 755 648 806 Blute,
659 765 728 801 am
737 755 895 809 Creutze
914 756 1000 808 hoch
1016 760 1116 800 aus⸗

187 810 385 869 geſtreckt;
405 812 552 866 welches
566 811 654 865 mich
669 812 803 855 damals
818 814 854 854 in
869 814 996 854 meiner
1003 811 1117 855 Seele

188 870 257 923 auf
263 873 315 913 die
337 867 513 921 kraͤfftigſte
536 868 654 916 Weiſe
675 865 844 920 geſtaͤrcket
858 872 928 910 und
943 865 1113 917 erquicket.

186 926 248 972 Es
260 926 332 978 ſind
341 927 428 974 dieſe
442 924 573 968 Worte
584 924 718 967 damals
732 925 763 972 ſo
780 921 855 971 tieff
860 925 906 966 in
927 928 992 965 den
1002 925 1114 965 inner⸗

186 986 255 1034 ſten
276 980 413 1027 Grund
434 981 564 1023 meines
582 978 744 1033 Hertzens
763 985 968 1031 gedrungen,
987 980 1050 1027 daß
1072 978 1113 1029 ſie

186 1034 269 1089 noch
283 1036 339 1080 bis
353 1035 422 1087 auf
424 1037 508 1083 dieſe
523 1033 677 1080 Stunde
691 1033 763 1085 ihre
776 1036 865 1086 erſte,
879 1040 949 1077 und
961 1032 1113 1077 Seelen⸗

187 1090 368 1146 ſtaͤrckende
383 1089 501 1140 Krafft
520 1089 688 1140 behalten.
743 1088 828 1133 Und
849 1099 950 1132 wenn
969 1091 1005 1131 in
1026 1089 1110 1131 mei⸗

185 1158 266 1192 nem
286 1146 394 1193 Leben
408 1146 568 1199 zuweilen
580 1147 630 1188 die
642 1143 901 1196 Anfechtungen
921 1146 972 1187 die
985 1142 1110 1196 hoͤchſte

185 1202 331 1253 Staffel
359 1200 513 1254 erreichet
540 1200 671 1252 haben,
693 1206 765 1243 und
795 1202 832 1241 in
858 1199 978 1252 ſolcher
1004 1197 1107 1250 Noth

184 1258 342 1305 GOttes
366 1256 586 1308 Troͤſtungen
606 1254 687 1297 eben
708 1257 739 1303 ſo
752 1256 856 1306 groß,
868 1255 922 1298 als
938 1264 1040 1306 zuvor
1056 1256 1108 1296 die

183 1314 294 1369 Angſt
304 1314 464 1366 geweſen,
482 1317 554 1355 und
569 1309 689 1356 GOtt
703 1312 754 1352 die
768 1309 900 1360 Freude
921 1315 979 1353 des
993 1309 1107 1362 Heili⸗

129 1380 248 1422 gen
262 1367 400 1421 Geiſtes
414 1367 702 1414 Strohm⸗weiſe
722 1368 759 1408 in
780 1368 870 1408 mein
889 1364 1007 1418 Hertze
1022 1368 1107 1407 aus⸗

181 1425 345 1478 gegoſſen,
362 1425 394 1472 ſo
410 1421 495 1474 habe
512 1424 557 1474 ich
571 1431 633 1464 um
649 1423 702 1463 ein
716 1419 850 1473 leichtes
866 1425 965 1464 unter
979 1426 1107 1463 andern

180 1479 349 1534 Worten,
362 1480 413 1520 die
425 1475 489 1530 ich,
507 1482 582 1519 oder
595 1475 752 1521 GOttes
772 1475 872 1525 Geiſt
893 1473 993 1527 durch
1016 1473 1104 1526 mich

177 1536 306 1578 meiner
320 1532 456 1576 Seelen
468 1536 648 1584 zugeredet,
660 1529 743 1582 auch
757 1532 827 1574 voll
834 1529 1018 1581 lebendiger
1030 1529 1104 1580 Zu⸗

177 1586 312 1640 verſicht
325 1594 396 1630 und
410 1586 594 1640 Hoffnung
611 1593 667 1628 der
681 1584 855 1637 Seligkeit
867 1585 1101 1636 ausgeruffen:

176 1643 305 1689 Gott
316 1641 387 1692 hat
402 1642 444 1687 in
460 1640 576 1695 ſeiner
589 1640 706 1696 Hute
717 1639 803 1693 alle,
824 1641 880 1687 die
902 1649 943 1686 er
957 1639 1025 1692 hat
1040 1647 1101 1683 er⸗

165 1697 284 1744 weckt
297 1706 444 1753 ꝛc.

991 1745 1096 1794 Eben
