1318 2366
476 263 534 274 —
619 245 671 287 15
755 253 813 266 —

234 355 543 417 „Niemer“),“
573 351 799 396 antwortete
830 354 892 392 er,
985 336 1074 384 aber
1109 345 1152 388 zu

147 429 253 495 Abig
266 440 327 492 *)
361 438 502 484 kommt
535 431 592 487 oft
625 432 683 475 die
713 423 885 482 Jungfer
913 415 1052 476 herauf
1076 416 1154 460 und

149 514 286 580 ſchlaͤft
306 518 432 571 hier.“

158 599 379 655 „Wer
398 594 442 649 iſt
464 597 524 641 die
542 584 790 648 Jungfer?“

242 678 368 736 „Die
387 673 551 727 Tochter
573 672 716 716 meines
735 659 1007 721 Herrn.“**)“

243 757 322 815 Ich
348 756 485 814 ſprang
507 750 599 805 auf;
630 752 694 794 der
717 746 875 792 Senner
894 744 984 795 ging
1006 736 1068 791 ihr
1088 737 1164 779 ent⸗

164 842 309 895 gegen;
336 859 389 869 —
423 823 516 887 noch
546 829 612 887 ſah
644 827 698 880 ich
729 825 774 880 ſie
805 820 926 877 nicht,
967 823 1032 862 der
1067 815 1166 866 Weg

166 919 252 966 kam
277 917 401 972 hinter
420 917 485 959 der
502 907 625 966 Huͤtte
646 904 795 958 herauf,
824 925 876 934 —
909 899 954 964 ſie
987 894 1061 949 rief
1088 892 1169 946 ihm

168 1001 243 1045 mit
280 1000 380 1042 einer
414 991 495 1049 ſehr
536 986 859 1041 wohlklingenden
897 978 1076 1025 Stimme
1102 982 1170 1025 zu:

168 1080 326 1134 „guten
352 1071 483 1119 Abend
506 1062 635 1120 Ruͤtli,
667 1065 720 1117 ich
743 1066 865 1109 werde
886 1058 974 1114 heut
995 1054 1052 1108 bei
1068 1049 1173 1106 Euch

169 1154 330 1208 bleiben,
362 1156 404 1198 es
423 1149 591 1208 ſchonet,
622 1149 699 1191 und
719 1141 799 1196 S'iſt
825 1130 983 1200 ſchankli
1007 1134 1091 1187 †).“

257 1234 344 1281 Der
379 1231 540 1278 Senner
571 1225 699 1280 mußte
727 1224 788 1275 ihr
822 1230 898 1266 von
932 1219 1007 1262 mir
1039 1213 1176 1269 ſagen;

174 1319 273 1362 denn
313 1312 368 1366 ich
410 1304 542 1363 hoͤrte,
592 1304 666 1358 daß
712 1314 760 1355 er
790 1310 880 1346 vom
911 1294 1078 1348 Außerer
1098 1291 1180 1343 iri)

178 1391 333 1451 ſprach;
373 1389 420 1444 ſie
443 1390 550 1458 ward
574 1383 665 1440 ſtill,
697 1383 775 1427 und
800 1370 1101 1432 wahrſcheinlich
1123 1361 1183 1422 zoͤ⸗

267 1528 305 1572 *)
331 1524 523 1565 Niemand.

223 1619 306 1663 **)
332 1602 463 1656 Abend.

227 1696 305 1744 *⁴)
329 1693 400 1737 Die
419 1693 563 1734 Senner
589 1688 660 1736 ſind
679 1683 884 1728 bekanntlich
907 1689 975 1722 nur
994 1681 1046 1718 die
1064 1666 1191 1727 Hirten

332 1752 389 1792 der
414 1746 530 1795 Kuͤhe,
565 1747 618 1789 die
648 1741 908 1793 wohlhabenden
936 1731 1192 1782 Alpenbeſitzern

309 1872 312 1875 —
337 1800 491 1858 gehoͤren.

247 1868 285 1959 9
322 1873 404 1955 Der
418 1884 537 1927 Abend
558 1882 594 1928 iſt
613 1878 722 1928 ſchön,
749 1878 820 1918 und
841 1878 877 1916 es
899 1875 936 1919 iſt
954 1875 1011 1913 der
1031 1866 1197 1916 Anſchein

240 1944 389 1987 da,
413 1941 479 1985 daß
497 1943 539 1979 es
549 1948 689 1985 morgen
708 1935 790 1985 auch
810 1938 874 1982 gut
891 1933 1022 1975 Wetter
1039 1929 1086 1975 iſt.

241 2032 315 2079 †t)
337 2029 425 2077 Von
443 2030 550 2074 einem
570 2030 746 2077 Fremden.
