1318 2366
464 264 521 276 —
585 238 714 294 2112
828 263 888 274 —

176 359 241 418 ſah
282 358 336 414 ich
368 357 414 412 ſie
442 357 533 413 noch
565 353 732 403 einmal;
784 355 831 409 ſie
860 355 992 402 winkte
1022 335 1094 403 mit
1123 355 1180 410 ih⸗

174 429 254 487 rem
283 438 423 493 weißen
453 435 581 489 Tuche
603 437 663 488 zu
706 429 780 479 mir
821 433 963 488 herab,
1003 435 1049 490 ſie
1078 435 1180 491 warf

174 523 251 566 mir
290 522 362 564 mit
399 516 506 569 ihren
547 513 825 571 Roſenfingern
866 516 925 559 die
955 513 1178 569 freundlich⸗

174 600 246 657 ſten
277 591 390 652 Kuͤſſe
420 595 511 648 noch
541 605 607 648 zu,
658 595 735 639 und
769 592 942 644 breitete,
990 591 1064 647 auf
1102 596 1176 640 das

172 676 418 735 Wiederſehn
459 677 643 724 deutend,
700 676 759 719 die
800 674 916 718 Arme
954 670 1047 727 nach
1093 673 1178 718 dem

173 759 303 813 Thale
342 761 434 806 aus.
520 755 646 803 Dann
686 753 753 812 ſah
791 752 847 809 ich
887 752 933 809 ſie
963 750 1063 809 nicht
1091 755 1178 799 wie⸗

171 844 253 890 der.
282 863 340 874 —
365 859 424 870 —

257 999 327 1047 So
369 1000 458 1044 weit
497 999 556 1043 die
595 994 807 1053 Geſchichte
844 995 989 1040 meines
1030 989 1185 1048 gluͤckli⸗

143 1081 258 1142 ſchen
298 1079 522 1133 Freundes,
573 1087 625 1121 an
677 1077 741 1120 der
782 1073 838 1128 ich
885 1077 1013 1120 weiter
1051 1073 1177 1119 keinen

168 1159 286 1215 Theil
316 1155 434 1212 habe,
472 1154 535 1200 als
567 1157 642 1199 das
672 1146 930 1207 Vergnuͤgen,
961 1130 1020 1211 ſie
1037 1145 1178 1210 erzaͤhlt

169 1253 213 1295 zu
247 1237 393 1292 haben,
433 1237 512 1279 und
546 1237 616 1278 den
644 1230 782 1278 bittern
813 1229 952 1285 Groll,
997 1220 1096 1285 nicht
1125 1241 1176 1275 an

168 1324 237 1368 des
267 1311 608 1366 Neidenswerthen
639 1310 766 1357 Stelle
800 1310 966 1366 geweſen
1003 1321 1048 1363 zu
1078 1308 1179 1364 ſeyn.

255 1395 414 1443 Mimili
455 1393 525 1447 hat
552 1380 642 1446 ihm
683 1389 746 1445 ihr
784 1389 884 1442 Bild
926 1388 1105 1457 geſandt,
1137 1388 1177 1442 )

171 1482 248 1530 und
273 1477 440 1534 ſeitdem,
474 1473 546 1526 daß
578 1472 630 1527 ich
669 1474 709 1516 es
732 1469 900 1528 geſehen,
933 1469 1094 1523 verzeihe
1121 1467 1177 1522 ich

171 1560 276 1614 ihm,
318 1555 472 1619 daß
426 1543 468 1619 er
512 1553 578 1609 ſeit
619 1551 735 1608 ſeiner
765 1543 979 1603 Ruͤckkunft
1008 1551 1083 1593 aus
1115 1549 1214 1592 der

175 1638 377 1693 Schweiz,
430 1629 687 1685 ungenießbar
726 1626 792 1682 iſt,
842 1621 906 1681 fuͤr
939 1628 1177 1680 jedermann,

171 1720 252 1764 und
283 1713 405 1768 nichts
434 1713 562 1755 weiter
592 1707 698 1754 denkt
728 1710 805 1754 und
838 1705 935 1762 ſinnt
963 1709 1042 1752 und
1070 1706 1182 1761 weiß,

173 1797 236 1845 als
263 1794 360 1855 ſeine
388 1789 562 1837 Mimili.
1189 1803 1190 1806 —

219 1932 265 1978 *)
291 1930 344 1969 Es
368 1927 405 1973 iſt
431 1927 494 1966 das
519 1923 747 1970 Titelkupfer,
783 1931 850 1963 von
872 1919 1013 1968 Wocher
1042 1921 1182 1968 gemalt,

289 1985 361 2026 und
400 1985 475 2023 dem
518 1978 823 2028 liebenswuͤrdigen
858 1976 1043 2036 Originale
1066 1976 1185 2036 hoͤchſt

291 2047 368 2084 treu
394 2040 465 2083 und
497 2034 644 2087 aͤhnlich.
