1318 2366
240 365 448 432 „B'huͤtis
478 369 603 416 Gott!
626 368 672 418 *)
714 365 776 419 ſiel
812 363 858 419 ſie
888 364 963 408 mir
992 348 1159 417 laͤchelnd

155 458 222 503 ins
253 455 395 505 Wort,
448 453 574 505 „was
603 441 763 493 wuͤrdet
795 443 878 499 Ihr
914 440 1049 487 denken
1084 448 1162 483 von

154 537 256 602 mir,
297 543 407 579 wenn
440 528 495 584 ich
524 528 604 582 hier
631 525 726 572 oben
750 521 872 575 blieb,
904 525 952 566 da
976 518 1059 574 Ihr
1081 517 1163 571 hier

156 614 244 671 ſeid.
318 612 416 658 Das
448 602 576 662 muͤßte
608 607 647 657 ja
683 608 741 650 ein
772 596 908 658 wuͤſcht
935 595 1164 650 Maidli
1114 595 1164 662 *)

156 693 267 762 ſeyn.
318 689 450 743 Nein,
491 687 546 739 ich
584 688 706 732 werde
736 686 794 729 ein
818 683 940 733 wenig
964 681 1034 723 mit
1057 673 1163 729 Euch

155 751 250 830 noch
284 768 480 830 verweile,
521 775 630 811 wenn
662 761 745 819 Ihr
777 765 852 807 mir
881 756 1053 811 erlaubt,
1084 755 1163 800 und

157 855 262 898 dann
293 849 382 904 gehe
412 846 467 900 ich
503 844 595 899 nach
627 843 771 898 Haus,
812 843 888 886 und
922 838 1028 895 ſende
1059 831 1163 887 Euch

155 917 499 985 j„Nachteße
417 911 493 985 **)
521 922 681 979 herauf;
728 925 824 966 denn
855 922 919 965 der
953 915 1070 962 Senn
1096 911 1165 967 hat

158 1008 305 1064 nichts,
334 1010 397 1054 als
420 1008 560 1052 neimis
581 1001 768 1057 Rauft),
799 993 1054 1054 Schlipmilch
1086 993 1164 1039 und

158 1088 328 1145 Schnitze
396 1086 491 1138 r).“

240 1166 321 1214 Sie
342 1165 468 1224 ſprach
490 1175 580 1219 gern
604 1165 682 1208 und
708 1159 795 1211 viel,
825 1160 902 1204 und
926 1156 965 1213 ſo
988 1149 1167 1207 traulich,

138 1251 228 1307 wie
258 1250 317 1294 ein
345 1244 474 1299 Kind,
519 1246 595 1288 und
631 1246 727 1287 denn
757 1239 847 1292 doch
870 1240 1006 1283 wieder
1028 1233 1066 1289 ſo
1088 1241 1167 1276 ver⸗

136 1319 306 1383 ſtaͤndig
330 1328 407 1370 und
433 1321 697 1375 unterrichtet,
728 1322 799 1365 wie
830 1318 940 1363 kaum
963 1316 1022 1359 ein
1044 1298 1169 1361 Maͤd⸗

161 1405 245 1460 chen
264 1407 349 1449 aus
379 1403 513 1459 unſern
538 1401 650 1456 erſten
672 1397 837 1453 Zirkeln.
894 1393 978 1450 Ihr
997 1390 1196 1444 Schwei⸗

158 1479 581 1541 zeriſch⸗Hochdeutſch
626 1478 736 1533 klang
778 1480 820 1522 in
866 1472 988 1529 ihrem
1029 1469 1170 1518 kleinen

203 1689 242 1734 *)
267 1687 361 1728 Gott
380 1685 542 1733 bewahre.

205 1780 261 1826 *⁴)
285 1775 551 1823 Leichtfertiges,
572 1768 827 1820 unbeſonnenes
848 1762 1035 1814 Maͤhchen.

184 1866 284 1915 ***)
309 1867 524 1915 Abendeſſen.

208 1959 252 2004 1ẽ)
275 1958 399 1999 Etwas
416 1956 629 1998 Brodrinde.

211 2049 280 2095 †t)
303 2045 534 2095 Buttermilch
553 2046 625 2100 und
645 2041 817 2091 Backobſt,
