1287 2063
194 197 403 255 umbringen
414 203 557 255 (wolten,
580 197 637 255 und
657 197 761 253 andere
789 205 975 260 entſebliche
990 206 1121 254 Larven

146 274 155 282 *
193 266 267 305 und
292 260 425 307 Vilder
443 260 561 315 mehr,
579 263 646 305 mit
666 267 771 306 denen
791 263 841 314 ich
859 263 918 315 faſt
937 266 990 308 die
1008 271 1120 316 gane

192 313 317 367 Nacht
331 313 510 367 gequählet
528 321 659 368 wurde,
672 318 776 368 deſſen
788 318 838 372 ich
851 317 937 368 mich
957 320 1039 373 noch
1060 319 1126 373 auf

147 384 154 393 *
192 370 267 412 eine
280 368 436 414 dunckele
448 371 580 423 Weiſe,
593 376 665 413 und
678 381 746 416 nur
761 374 826 416 wie
838 374 888 416 im
895 371 1053 420 Traume
1069 386 1120 416 er-

173 434 178 440 *
193 424 323 473 innere,
343 424 409 464 wie
435 427 471 467 es
492 430 584 467 dann
609 424 694 478 auch
715 437 782 469 nur
803 430 855 470 ein
879 426 1020 474 Traum
1031 436 1118 473 var,

191 483 256 538 Jn
268 487 370 536 dieſer
382 485 487 538 Roth
503 494 573 532 und
587 486 695 539 Angſt
711 490 798 539 fieng
819 486 870 540 ih
891 497 937 530 an
952 499 994 538 zu
1008 488 1120 540 beten,

190 541 263 579 und
277 537 393 579 indem
406 534 457 587 ich
473 536 591 590 betete,
607 537 684 580 kam
705 544 740 582 es
763 540 831 582 mir
842 549 917 589 vor,
937 542 989 584 als
1011 540 1049 583 ob
1071 543 1117 583 ie-

190 595 297 634 mand
312 594 365 635 die
380 591 565 637 bekannten
583 593 712 639 Worte
726 600 791 638 aus
807 601 880 639 dem
901 595 996 647 Buß
1001 596 1120 644 -Liede

189 650 256 693 mit
273 647 488 703 betveglicher
505 651 677 698 Stimme
698 651 811 705 ſänge:
845 654 972 701 GOrt
991 654 1060 701 hat
1077 657 1118 697 in

189 702 310 757 ſeiner
317 710 429 749 Hute
446 703 537 755 alle,
552 706 610 750 die
627 716 668 751 er
682 704 753 759 hat
767 703 935 755 erwe>t,
951 709 1119 760 erkauft

188 763 306 814 durch
321 754 488 819 CHriſti
503 764 648 814 Blute,
659 764 894 816 amCreuse
914 766 999 814 hoch
1017 771 1116 810 aus-

188 810 385 868 gcſtre>t
372 816 390 871 ;
413 814 553 869 welches
568 815 654 868 mich
671 817 804 860 damals
819 820 854 861 in
870 822 996 863 meiner
1004 820 1117 864 Seele

189 869 258 922 auf
263 872 316 913 die
339 867 515 923 kráfſtigſte
537 871 656 920 Weiſe
676 870 845 924 geſtärcket
859 878 928 916 und
944 872 1115 924 erquicket,

187 924 250 971 Es
262 926 332 977 ſind
348 927 430 975 dieſe
443 926 571 970 Worte
585 928 718 972 damals
733 931 763 977 ſo
782 926 856 977 tieﬀ
870 931 907 971 in
928 934 990 972 den
1003 931 1113 972 inner-

186 982 255 1031 ſten
276 977 413 1024 Grund
434 980 564 1023 meines
582 978 745 1034 Hervens
763 987 969 1034 gedrungen,
987 986 1051 1031 daß
1072 984 1114 1034 ſie

186 1033 270 1086 noch
284 1033 340 1078 bis
354 1035 422 1085 auf
429 1038 509 1086 dieſe
524 1035 678 1083 Stunde
693 1036 763 1088 ihre
777 1040 866 1091 èrſie,
880 1047 950 1084 und
962 1040 1113 1086 Seelen-

187 1088 369 1144 ſiärckende
384 1091 502 1142 Kraft
520 1092 690 1143 behalten,
743 1093 829 1139 Und
849 1105 951 1138 wenn
969 1098 1007 1138 in
1027 1095 1110 1138 mei-

186 1153 267 1187 nem
288 1142 395 1190 Leben
409 1145 569 1197 zuweilen
581 1148 631 1189 die
644 1145 902 1201 Anfechtungen
922 1152 972 1192 die
986 1149 1110 1199 höchſte

185 1199 333 1253 Staffel
359 1198 513 1253 erreichet
541 1200 669 1253 haben,
693 1209 765 1246 und
795 1206 831 1246 in
860 1204 978 1258 ſolcher
1004 1207 1107 1256 Roch

185 1257 343 1306 GOeétes
367 1257 586 1310 Tröſtungen
607 1258 688 1300 eben
708 1262 739 1308 ſo
753 1262 849 1312 groß,
869 1260 922 1303 als
939 1272 1040 1312 zuvor
1056 1263 1109 1305 die

183 1311 294 1365 Angſt
305 1313 464 1365 geweſen,
483 1320 554 1358 und
569 1314 689 1361 GOtt
703 1319 755 1359 die
769 1315 901 1366 Freude
922 1322 979 1360 des
993 1316 1108 1370 Heili

150 1379 155 1384 *
182 1375 248 1418 gen
263 1364 400 1421 Geiſtes
416 1367 702 1417 Strohm-iwveiſe
724 1372 760 1412 in
781 1371 870 1413 mein
890 1368 1007 1423 Herke
1023 1374 1107 1413 ause

182 1420 346 1471 gegoſſen,
363 1422 395 1469 ſo
410 1420 495 1472 habe
508 1410 557 1475 ich
573 1431 634 1466 um
650 1425 703 1465 ein
716 1422 851 1475 leichtes
867 1428 966 1469 unter
980 1432 1107 1468 andert

180 1475 350 1527 Worten,
363 1477 414 1517 die
426 1473 489 1528 ich,
507 1483 581 1520 oder
596 1479 752 1526 GOttes
772 1480 872 1529 Geiſt
894 1479 992 1531 durch
1016 1477 1104 1530 mich

179 1531 307 1574 meiner
321 1530 457 1575 Seelen
469 1535 648 1584 zugeredet,
661 1532 744 1585 auch
758 1533 1019 1586 volllebendigcr
1031 1533 1105 1583 Zu-

178 1586 314 1642 verſicht
327 1595 397 1633 und
411 1589 595 1644 Hoffnung
612 1598 668 1634 der
682 1591 855 1643 Seligkeit
868 1593 1102 1643 ausgeruffen
1086 1589 1107 1636 :

177 1646 305 1694 GOrt
317 1645 388 1697 hat
404 1646 445 1690 in
461 1644 576 1699 ſeiner
590 1645 702 1701 Hute
718 1646 804 1700 alle,
825 1650 881 1695 die
903 1658 943 1695 er
958 1650 1026 1702 hat
1041 1658 1102 1693 ero

165 1707 284 1753 Weckt
297 1715 330 1752 2c

992 1753 1097 1799 Eben
