1202 1636
251 138 289 194 ¶
312 135 366 194 Es
389 136 480 184 was
491 135 556 182 ein
563 137 650 184 mal
660 138 754 184 ein
778 140 880 186 reicher
889 140 998 190 baur
1007 146 1055 194 dẽ

207 194 349 244 wardt
358 194 489 242 allzeit
500 196 581 248 ſein
595 192 708 238 leben
717 196 812 249 ſaur
820 196 879 250 jm
888 196 1056 251 ſturben

211 247 320 295 weib
328 253 415 293 vnd
426 244 603 300 kinde
546 244 559 307 /
570 244 608 307 er
611 247 729 298 dacht
739 257 795 293 im
807 256 910 295 vmb
923 256 987 296 ein
994 249 1055 307 gů

211 316 254 349 te
262 303 410 358 pfrund
422 307 510 357 vnd
521 316 584 346 wo
595 315 633 345 er
642 306 706 357 die
716 302 850 356 moͤcht
859 307 1025 358 fynden.

207 361 243 414 ¶
256 357 381 414 Eins
390 357 500 400 mals
512 355 673 408 erdacht
682 369 724 400 er
733 361 791 400 im
803 363 868 402 ein
877 363 974 414 ſynn
986 363 999 413 /
1010 373 1054 405 er

191 416 337 467 geing
347 409 397 461 zů
409 413 492 454 einẽ
504 411 636 464 cloſter
647 412 731 465 hiñ
723 409 740 467 /
743 412 790 462 zů
801 419 877 457 den
887 415 1053 467 münchẽ

211 469 300 521 rhet
311 477 354 509 er
362 462 532 518 lauffen
526 462 551 525 /
543 469 646 508 vmb
659 467 832 520 hundert
836 469 959 521 guldẽ
967 471 1052 525 thet

211 533 257 566 er
266 524 325 564 im
336 523 398 576 ein
407 518 523 573 gůtte
534 521 700 573 pfrundt
709 518 888 576 kaufſen.

208 580 239 632 ¶
256 572 359 632 Sie
370 573 524 627 ſchnittẽ
535 577 594 616 im
604 576 665 615 ein
678 571 780 617 kuttẽ
789 575 1188 628 an/rechtwie

211 634 279 674 eim
304 629 405 680 leyen
427 626 583 679 bꝛůder
570 626 587 684 /
589 626 690 680 biſtu
701 631 777 671 deñ
787 634 850 672 ein
864 631 1113 684 biderma

168 686 255 739 ſo
267 687 362 734 nym
375 687 421 725 dẽ
430 687 549 726 oꝛden
562 679 611 732 zů
623 684 777 733 dir
696 679 708 739 /
725 684 777 733 des
790 684 937 738 daucht
945 684 1052 736 auch

205 735 293 792 ſich
309 741 369 780 der
378 736 485 781 baur
488 736 715 790 gemeyt
650 735 667 792 /
678 735 717 792 do
728 748 770 780 er
781 740 844 781 die
854 735 958 782 Euttẽ
968 750 1048 784 ane

59 793 88 836 8
211 792 305 842 leyt
297 789 309 849 /
309 802 350 833 er
356 789 498 844 gleicht
505 789 583 846 ſich
590 795 719 834 einem
731 790 898 845 pfafſen
887 789 904 849 /
913 805 954 836 er
962 790 1050 849 oꝛt

160 883 276 891 ſich
296 843 438 900 fürbas
453 849 529 888 nitt
537 859 623 889 mer
643 847 755 900 dran/
778 843 935 900 vndwas
947 859 1063 896 man

138 900 280 951 het
293 897 329 947 zů
344 897 546 952 ſchaſſen.

210 956 246 1007 ¶
268 952 320 1008 Da
346 957 426 1008 das
439 954 495 994 ein
517 953 597 1005 läge
613 955 932 1007 zeirgewert
852 952 864 1008 /
880 952 943 1008 der
941 952 1049 1008 baur

210 1003 293 1062 ſich
309 1007 362 1049 nit
384 1009 431 1048 me
444 1010 570 1057 drane
580 1003 677 1058 kerr
666 1003 678 1062 /
681 1019 724 1058 es
734 1011 816 1060 thet
825 1015 888 1062 die
899 1005 1055 1062 münch

211 1072 302 1112 ver
327 1057 676 1120 drieſſen
467 1057 480 1120 /
496 1057 551 1120 ſie
562 1057 675 1120 hetren
689 1063 742 1105 all
755 1066 821 1111 ein
834 1066 1080 1119 gemeinen

162 1119 280 1171 rat/
304 1112 390 1178 nün
400 1112 486 1178 hoͤꝛr
506 1112 563 1178 was
588 1115 652 1174 ſie
661 1118 706 1157 in
716 1112 991 1173 Gteſſen.

291 1175 364 1228 Nün
371 1180 467 1232 nym
476 1172 523 1215 do
547 1170 606 1232 war
633 1174 696 1221 der
713 1170 834 1216 rechte
844 1173 941 1226 zeyt/
950 1176 1117 1232 vnd

393 1226 458 1269 dir
468 1226 654 1285 daranne
663 1223 886 1288 leyrzů
821 1223 890 1288 der
895 1231 1045 1288 metten
