1880 2700
609 225 1359 302 Prima eplphanĩa
498 293 1787 367 ati. Vel q fidelius renũ hĩtudinẽ qᷓm alioꝶ mẽbroꝶ denũciat. An
498 340 1788 416 aduriit grece: q ẽ demõſttatio: qa denũctiatiua eſt interiorũ mẽbrorũ
499 389 1788 457 nde vt certificemur de iĩterioribus eorũ. ſ. habitudie mala vl bona cõ
499 435 1788 500 ſulimus rie iudiciũ. Aut ꝗa vrina dicit᷑ ab yrẽdo qa vrina deſiccatiuã
500 480 1788 547 & vritiuã habet naturã ſeu virtutẽ. Vnde valet ĩ impetigine & ſerpigi
499 528 1788 593 ne. Et cõtra vuſtulas ſi inde patiẽs membrũ abluat. Et contra virge vl
501 573 1785 651 cerati onẽ. Contra pannũ poſt partum. Et potata ſpleneticis confert.
1442 620 1788 671 In his duobus
561 675 1473 758 t de lacte ſeri ſe limpidus eliq̃t humor.
1494 670 1788 719 erſibus nota
505 739 1474 828 Sic liquor vrine de maſſa ſanguinis exit.
1503 713 1788 763 tur ſilitudo in
1504 759 1788 809 ter yrinam &C
1458 805 1788 856 ſerũ vt expreſ
506 846 1788 919 ione ſiłĩtudinis de ytine eſſentia euidentior & certior capiat doctrĩa
508 908 1019 961 Sicut eni ſerum de lacte per
1048 898 1788 963 rofſarũ ꝑartiũ eꝑreſſionem excolat. Sic
577 948 1278 1021 vinain3 uinic quatur.
1510 1001 1788 1061 In his quattu
508 1038 1473 1132 Sanguinis eſt vrina ſerũ ſubtile liq̃men.
1504 1049 1788 1106 or verſibus ip
508 1104 1475 1189 Humorũ quos cõfictt ars regitiua ſecũdi.
1503 1095 1788 1155 ſe Egidius ap
510 1168 1479 1252 Et primceps oꝑis dum fit cribratio rerum
1502 1139 1788 1200 probat diftini
1502 1189 1788 1243 tionẽ vrĩe qᷓm
509 1225 1473 1311 Dum fit ab ĩpuris pure deſtructio partis.
1502 1233 1788 1291 hic ponit ſatit
1447 1276 1788 1331 conſonam eſſe
512 1325 1788 1402 diffinitioni vrine ſuperius ab yſaac poſite. Et ei quam ponit Theophi
512 1373 1788 1449 lus in ſuisvrinis que talis eſt. Vrina eſt colamentũ ſanguinis & alios
514 1417 1788 1493 humorũ exactiõibus nature natũ. Nõ reuera ſerũ ſed quaſi groſſa ſub
515 1466 1788 1544 ſtantia de ſangume e liquata: quos conficit ars ideſt vrtus digeſtiua:
518 1510 1788 1595 que quodammodo artificio operat᷑. Et princeps overis ideſt ſecũde di
517 1557 1788 1643 geſtiõis: dum fit ab impuris diſcretio: ideſt ſequeſtratio & diuiſio hu
517 1604 1788 1685 morũ: que ꝗᷓſi cribratio fit im epate. Flematica nanq materia n primo
518 1649 1788 1726 motu ſue cribratiõis generata ad pulmonem umpellit t in fleimata cõ
517 1695 1788 1772 uertatur. Collerica vero ad ciſtim fellis tranſducit: Melancola ad ſple
518 1748 1788 1820 nein deriuat᷑. Aquoſa vero materia vel ſubſtantia: ideſt yrina cum ſan
517 1788 1788 1866 uine vt renes nutriant ꝑ capillares venas ad renũ regionem deportat
519 1850 1281 1922 & ꝑ poros vritides reſudat mveſicam.
830 1888 1481 1975 Queſtiones ſuper hoc.
520 1940 1788 2027 Hic poſſent fieri alique queſtiões hoc modo. Primo cum Vſaac & ali
522 1990 1788 2070 dicunt hic q; vrina eſt colamentũ & cum colacio ſit accidens & nullũ
523 2035 1788 2117 accidens poni debeat in diffinitiõe ſicut dicit philoſophus ergo diffi
525 2081 1788 2159 itio imale data eſt. Solutio dupliciter eſt loqur de colamento vel in ſe
