1900 2700
199 224 869 294 de vrinis fo.
1193 257 1401 302 A
134 293 1800 392 vrina virtutem ſignificat digeſtiõis: & appropinquare ad complemen .ll
132 344 1446 415 tum ſui. Albedo yero cruditatem groſſitudimem: & digeſtioni abla
131 372 1780 462 tionem: quod mpoſſibile eſt ſimul coniungi niſi ſc m yicnitatem & l
129 436 1470 505 non ſcm cõmixtionẽ. Sicut quidam medic dicũt. Aliquando n cor
127 483 1598 553 pore humiditates adunant᷑ crude de flematis genere quas expellit natu
127 528 1751 594 ra cum rubea rina: mixtiſi: in ſimul color in roſeum mutat. Ctrinitas t i 6
128 572 1470 640 vrine ſubtiltatem & leuitatẽ fecis yidet᷑ ſignificare: & naturam deco
126 619 1464 687 quere incipientem. Nigredo yrine ſignificat groſſitudinem humorũ:
126 664 1725 746 & ncenſioneim eorum: pigriciem nature in coctione ipſorum: qua t
124 716 857 778 propter non coniunguntur in codem.
131 810 164 843 2
546 827 961 910 Queſtiones.
121 944 1459 1026 Hic queritur quid dicat complexionem hic ſcm cõmixtionem. Et ꝗd
121 1007 1459 1074 compleionẽ ſcdm vicinitatem. Ad hoc dicẽdum ꝙ compleio ſcdm
121 1057 1460 1114 commixtionem applicat quãdo humores cõmiſcent adinuicem ſcm
121 1097 1461 1165 ſui conuenientiã in qualitatibus. Et talis fit in epate. Complexio yero
121 1143 1459 1210 ſcm icinitatem appellat: quando duo humores prius ſeꝑati obuan
121 1190 1458 1250 tes ſibiinuicem cõmiſcentur adinuicem obuiando accidentalter. Com
121 1234 1460 1302 mi ſcent᷑ etiaim naturali cõmixtione. Sed hec cõmixtio eſt etiam duplex
121 1278 1456 1342 quedam enĩ eſt in qua nulla qualitatũ habet ſuam actionẽ. Et ſta com
121 1325 1456 1389 mixtio poſibilis eſt in omnibus. Alia eſt qua vtraq; qualitas habet ſuũ
121 1370 1641 1443 officiũ vel effectum nõ tamen omnino intenſum. Et hoc modo nõ eſt
121 1412 1771 1499 poſſibilis mixtio in humoribus. Tcrcio modo cum miſcent humores 4
121 1462 1756 1545 ꝗᷓntũ ad generationẽ coloris in vrina: & hoc modo non ꝑmiſcentur hu 2,1
121 1506 1454 1578 mores a parte qualitatũ paſſiuarũ: ſed actiuarũ. Et hoc eſt quia qualita
121 1553 1453 1619 tes actiue dant colote m. Et ſcm hoc non eſt poſſibilis miutio in omni
121 1600 1455 1666 bus humoribus. Hic etiã querit de cõmixtione humorũ vtrum. ſ. oẽs hu
121 1646 1449 1716 mores poſſint ſimul adinuicem naturaliter cõmiſceri. Et videtur q ſic
121 1694 1449 1756 qualitates enĩ in elimentis ſunt in vltimo: ſicut dicit Galienus in Iibro
121 1740 1448 1803 cõpleionũ. In corꝑe vero humano non ſunt in vltimo nec in humori
121 1780 1447 1851 bus ſed maiorem habent repugnantiã prout ſunt in vltimo ſue yirtutis
121 1830 1445 1901 ᷓm prout ſunt confracte: ſed õmnia elimenta oſſunt vere permiſceri
121 1875 1444 1946 ad productionem mixti: ergo multo magis humores poterunt vere
121 1921 1443 1991 Dermſceri. Ad dem quecunq ex eadem materia generantur in eodem
121 1962 1442 2041 loco: & ab eadem virute ante ſuam ſegregationem nata ſunt permi
121 2012 1445 2093 ſceri. Sed humores ſunt huiuſimodi quia ex cadem maſſa generantur &
1232 2117 1388 2175 D i
