1900 2700
193 230 1410 314 de vrinis fo. XXJJ
126 298 1475 383 Ali cauſa eſt quia renes ſunt propinqui viis vrinalibus vnde piguedo
122 349 1471 426 non permiſcet᷑ in via cum liquore vrine: ſicut fit cum piguedo aliorum
120 390 1470 477 membrorũ remota eſt ynde piguedo renũ magis apparet in vria: vel ꝗa
120 442 1468 527 maior elt: vel quia nõ perimiſcetur cũ liquore yrine ꝗᷓm pigucdo aliorũ
118 489 415 539 nembroruim,
335 532 1195 619 De liquore ſeu ſubſtantia vrine.
112 638 1461 720 Liquor ſeu ſubſtantia vrine in tria diuidit. Eſt enĩ aquoſus ſubtilis. Ve1
111 689 1459 770 groſſus & turbidus: ſiue mediocris. Cauſa vero diuerſitatis in liquore
112 737 1458 810 vrine eſt actio varia nature in ipſo liquore. qui vel eſt naturalis: vel nõ
113 784 1457 857 naturalis. Naturalis inter groſſum & ſubtilem. Clarũ & turbidum eſt
110 828 1459 905 mediocris. Et ſemꝑ in euſdem qualitatis temperamẽto cõſiſtit. Hic per
108 871 1456 956 fectionem decoctionis ſignificat ꝑmanere in eadem qualitate. Et tẽpe
108 924 1450 995 ratos monſtrat humores eſſe in qualitate & qᷓntitate. Et leuitatem eorũ
107 968 1730 1145 eereruntnrcetuce etctururauetets art
1621 1061 1730 1099 1/
104 1107 1453 1185 gritantem eis repugnare & eos nõ valentem decoquere. Si ſit ſine febre
104 1154 1446 1230 duobus monſtratur modis. Vel ex namia ſaturitate groſſorũ cborũ &
104 1200 1448 1277 ultorũ naturã vincẽtiũ: & calorem naturalem cõgelantiũ. Vel ex mul
1503 1220 1730 1278 Z1c
104 1245 1622 1325 ta aqua frigida bibita: & ſepiſime. Sicut patiũtur hoĩes in dyabete. St t
104 1291 1449 1369 autem cum febre ſignificat opilationẽ in gibbo epatis: & enarũ inter
104 1336 1447 1416 epar & renes ppter groſſos humores ibi clauſos & inuiſcatos. In qbus
104 1380 1447 1462 diſſoluẽdis natura deficit. Vnde Galienus. Vrma inquit aquoſa & ſub
104 1427 1448 1506 tilis cruditatem & defectionẽ demonſtrat actionis. Et hoc duobus mo
104 1473 1444 1565 dis. quedam enĩ exit ſubtilis ſed cũ exierit in vaſe ingroſſeſcit. Et que
104 1519 1158 1591 dam exit ſubtilis & permanet ſubtilis: yt infra dicemus.
524 1625 944 1713 Queſtiones.
104 1718 1442 1812 Hic aũt queritur quomodo accipiatur hic liquor. Ad hoc dicendum ꝙ
104 1768 1440 1856 duplex eſt loqui de ſubſtantia. Vno enĩ modo idem eſt q res per ſe exi
104 1812 1441 1898 ſtens: & ſic non accipit hic liquor p ſubſtantia vrine. Alio modo acci
104 1858 1441 1949 pit ſubſtantia ſcm qꝙ eſt patſio vel ſitus partiũ in toto: que paſſio par
104 1907 1434 1993 tium conſiſtit in raritate: denſitate: claritate:turbulentia: ſubtilitate: &
104 1952 1439 2036 groſſiudie: & hoc modo accipit hic lquor ꝓ ſubſtantia vrine. Et cum
104 2002 1437 2082 querit quomodo differunt ſubtile & clarũ: groſſum & turbidum. Dicẽ
104 2049 1438 2126 dum eſt q differũt ſicut diſꝑata. Subtile eni ſcdm Auicennam eſt cuius
104 2094 1434 2182 partes ſunt rare & non corpulente. Clarũ yero cſt cuius pattes viſus po
1156 2167 1384 2216 D ii
