1960 2702
591 644 626 670 L
226 231 920 304 de vrinis fo
1236 264 1406 311 111
143 303 1046 371 plutes paritulas yt iufra patebit in proceſſu:
309 355 1251 427 Particula prima de diffinitione vrine.
771 417 1416 487 Vſaac in tractatu ſuo de vri⸗
808 473 1416 536 s ſic ponit diffinitionem. ſ. Vrina
791 524 1416 584 ſt colamentũ ſanguinis & aliorum
794 571 1416 629 umorũ: de nature quidem actioni
795 618 1416 680 us natum. Impoſſibile enĩ eſt q de
773 665 1416 730 ſanguie ſcm ꝙ oportet corpus nu
772 709 1416 769 triri niſi devtriiq; prius colorius &
798 754 1416 811 flemate mundificet: & a ſuo cola
795 803 1416 864 ento ſegreet: ꝙ; vrine liquor dici
770 850 1416 911 tur eſſe: ꝗa vrna liquorem & yppo
781 895 1416 951 taſim in ſe continet. Liquor autem
784 942 1416 1002 ſt ſanguini quod ſerũ eſt caſeo ꝗ in
798 984 1416 1046 nes deſcendit ꝑ maiorem venam:
782 1035 1416 1094 deſt kylim: que in ĩterioribus ſmis
816 1082 1416 1143 a venis in veſicã dirigit᷑. Hoc idẽ
790 1128 1416 1186 oluit Theophilus vbi ait Naſcitur
767 1176 1416 1233 vrina i ramoſa vena circa ſymã epa
143 1216 1416 1279 tis epanſa ĩ qua & ſanguinẽ faciens virtus: opus ſuũ ꝑficit. ſ. ſanguĩ
143 1254 1416 1321 ne formato: C cõturbatiõe in eo facta: quodcũqꝛ leue eſt ſuperiora pe
143 1304 1416 1367 tens: quod e colera rubea ſuꝑfluitas natum eſt eſſc: accipit illud fellis
143 1346 1416 1410 ſuſceptrix ciſtis per ſuũ meatum poſita ppe epar. Terrenũ autẽ & ve
143 1393 1416 1462 lut fecem ſanguinis trahit ſplen ꝑ ſuũ meatũ. Et que relinquit aquoſa
143 1439 1416 1507 ſuꝑfluitas cum ſanguine hanc accipiunt renes ꝑ medium kylim:ideſt
143 1487 1416 1554 ꝓfundã yenã: formãtq; illud in vrine conſtitutionẽ. s ſequtur iam
143 1533 1416 1599 1e cõformãs Eidius que dicta ſunt de diffintiõe yrine atq omnibus
143 1577 1416 1644 aduc dicẽdis de vrinis metrice cõpoſuit opus yalde notabile de vrinis
143 1626 1416 1690 Et qᷓm prumũ de diffinitõe vrine ꝑ verſus immediate ſequentes. Et ſimi
143 1671 1285 1743 liter ſic conſequenter de oĩbus alis que dici poſſent de vrinis.
1063 1737 1416 1794 In hiis tribus
143 1774 223 1808 0
143 1780 1083 1860 Licitur vrina quoniam fit renibuu vna.
1116 1789 1416 1841 verſibus dicit
143 1840 1080 1923 Aut aburit grece quod demõſtratio fert᷑.
1113 1837 1416 1894 primum Egidi
1113 1884 1416 1934 usrinam reni
143 1902 1080 1982 Aut ꝗa q tangit mordet deſiccat adurit.
1112 1928 1416 1978 bus eſſe vnam
1058 1975 1416 2033 eo ꝙibi forma
143 2005 1416 2079 liter generat᷑ & diſcernit᷑: ꝙ licet prius in epate ſubſtantiam & colorẽ
143 2057 1416 2122 accipiat ſcm habitum: n renibus tamen ſummit ea ſcm yiſum &
1172 2114 1401 2158 A uii
