2294 3120
1262 342 1616 379 DEDICATIG.

821 424 1047 485 natuͤrliche
1066 425 1242 484 Krafft
1240 420 1267 485 /
1273 420 1681 480 unaußſprechlichen
1699 421 1880 480 Nutzen
1882 420 1902 485 /
1911 426 1996 473 und
2013 430 2115 474 was

820 490 891 537 der
902 484 1218 545 Herꝛlichkeiten
1244 485 1354 539 mehr
1379 481 1513 539 ſeynd.
1575 479 1724 538 Darzu
1746 485 2113 545 kommen
1919 479 1994 545 die
2018 485 2113 545 Ein⸗

825 546 1331 606 gangs⸗Predigten
1232 539 1252 607 /
1270 539 1334 607 von
1346 548 1435 586 dem
1447 539 1686 607 verlohrnen
1701 540 1843 594 Sohn
1827 539 1847 607 /
1859 546 1975 606 unter
1987 543 2111 600 deſſen

825 607 1094 662 anmuhtigen
1112 603 1244 651 Bilde
1258 604 1326 648 der
1342 599 1499 662 Greuel
1509 599 1577 661 der
1592 600 1798 646 Suͤnden
1779 599 1798 662 /
1813 608 1896 646 und
1911 602 1971 647 die
1986 603 2111 659 Freu⸗

825 666 872 712 de
885 666 961 711 des
975 662 1195 721 Himmels
1214 658 1313 707 uͤber
1336 660 1399 704 ein
1420 660 1626 724 bußſertig
1642 658 1838 705 reuendes
1852 660 1993 718 Hertz
1989 658 2009 724 /
2027 662 2111 719 ſon⸗

825 721 970 777 derlich
990 723 1060 770 der
1083 721 1259 779 Jugend
1291 728 1391 782 zum
1411 716 1641 781 Nachricht
1663 719 1669 767 /
1702 716 1962 773 abgemahlet
1990 721 2110 767 wird.

827 777 1017 838 Wuͤrdig
1034 781 1107 827 und
1131 782 1244 826 werth
1267 786 1276 835 /
1308 781 1391 833 daß
1404 787 1500 840 man
1522 774 1639 840 ſolche
1665 778 1704 821 in
1724 777 1815 831 acht
1833 779 1991 832 nehme
1988 774 2007 840 /
2025 781 2110 824 ans

826 831 950 896 Liecht
968 840 1088 896 bringe
1107 843 1126 890 /
1141 839 1224 884 und
1223 831 1364 896 fleiſſig
1385 836 1449 888 leſe
1466 839 1472 885 /
1504 831 1576 890 ſich
1589 845 1624 887 je
1638 834 1749 887 mehr
1762 838 1845 879 und
1857 837 1966 892 mehr
1979 839 2020 881 in
2032 839 2111 883 die⸗

828 900 902 955 ſem
917 893 1203 953 Geheimnuͤße
1219 905 1251 952 zu
1253 893 1478 952 gruͤnden
1466 893 1490 955 /
1511 902 1550 951 zu
1570 896 1824 948 verwahren
1808 893 1826 955 /
1856 902 1903 951 zu
1916 895 2112 943 erbauen
2084 893 2112 955 /

826 968 873 1016 zu
894 953 1047 1012 troͤſten
1071 954 1155 1000 und
1179 950 1507 1019 auffzurichten.
1760 1007 1773 1019 5

919 1014 1045 1071 Zwar
1060 1014 1133 1070 bey
1145 1013 1221 1058 den
1234 1018 1343 1058 alten
1361 1010 1583 1067 Hebraͤern
1592 1017 1682 1057 war
1696 1012 1743 1056 es
1753 1009 1902 1065 uͤblich
1894 1009 1919 1071 /
1913 1018 2038 1057 wann
2052 1010 2114 1057 ein

827 1072 977 1121 Rabbi
1001 1074 1096 1121 oder
1126 1069 1513 1131 Schrifftgelehrter
1545 1069 1647 1123 ohne
1675 1068 1839 1119 Kinder
1865 1068 2118 1126 verſtorben
2095 1068 2118 1131 /

826 1131 910 1190 daß
924 1144 1022 1178 man
1036 1132 1162 1187 ſeinen
1175 1127 1484 1187 Schluͤſſel
1392 1126 1410 1190 /
1428 1126 1488 1190 und
1495 1126 1590 1183 ſeine
1602 1126 1933 1183 Schreib⸗Dafel
1947 1130 2022 1175 mit
2032 1129 2114 1183 ihm

834 1191 875 1237 in
892 1193 1006 1237 einen
1018 1189 1158 1239 Sarck
1170 1190 1317 1246 gelegt
1308 1184 1332 1246 /
1329 1188 1412 1232 und
1428 1184 1656 1242 begraben:
1687 1185 1954 1242 Dergleichen
1968 1187 2115 1242 Exem⸗

809 1249 895 1306 pel
917 1260 1016 1295 man
1035 1250 1075 1295 in
1089 1243 1313 1304 Juͤdiſchen
1324 1242 1538 1300 Hiſtorten
1551 1242 1678 1298 findet
1688 1252 1769 1292 von
1782 1245 1907 1290 einem
1922 1241 2114 1295 Rabbi
2094 1241 2114 1306 /

812 1300 1037 1359 Samuel
1054 1303 1190 1365 genant
1221 1311 1240 1358 /
1277 1305 1346 1351 als
1350 1299 1416 1365 der
1422 1300 1700 1359 verſtorben
1689 1299 1715 1365 /
1730 1303 1813 1348 und
1829 1299 1962 1349 keinen
1979 1302 2114 1357 Sohn

813 1362 1084 1423 hinterlaſſen
1091 1360 1109 1423 /
1105 1368 1179 1423 hat
1190 1376 1285 1411 man
1296 1367 1399 1418 ihme
1412 1363 1535 1417 ſeinen
1546 1360 1856 1418 Ampts⸗Ring
1868 1362 1952 1410 und
1963 1360 2114 1417 uͤbliche

830 1423 1163 1482 Schreib⸗Tafel
1183 1425 1258 1473 mit
1281 1424 1352 1470 ins
1378 1420 1507 1472 Grab
1528 1421 1725 1478 gegeben:
1766 1435 1869 1466 med
1896 1435 1960 1463 um

832 1486 900 1531 4%
921 1498 999 1524 —
1020 1485 1112 1522 De
1127 1496 1203 1522 Dë
1225 1498 1326 1525 e
1353 1495 1456 1535 οον
1517 1482 1583 1520 ie.
1614 1483 1825 1531 Poſtquam
1841 1490 2026 1520 mortuus
2044 1480 2113 1525 eſt,

832 1538 1048 1593 poſuerunt
1071 1538 1227 1578 clavem
1242 1540 1280 1577 &
1294 1538 1488 1589 pugillare
1500 1539 1580 1581 ejus
1603 1540 1644 1575 in
1658 1537 1793 1576 loculo
1811 1537 1905 1582 ejus,
1936 1551 1986 1576 eo
2005 1542 2117 1590 quod

834 1612 917 1638 non
931 1597 1111 1638 habuerit
1125 1595 1274 1635 filium:
1308 1593 1394 1639 das
1409 1589 1477 1640 iſt:
1507 1584 1638 1654 Nach
1666 1595 1767 1650 dem
1781 1603 1831 1639 er
1878 1587 2118 1646 geſtorben
2095 1584 2118 1650 /

831 1651 990 1707 haben
1013 1648 1069 1707 ſie
1088 1650 1235 1709 ſeinen
1253 1646 1510 1711 Schlůſſel
1525 1651 1626 1699 und
1641 1645 1835 1704 Schreib
1881 1647 2047 1707 ⸗Tafel
2065 1652 2116 1700 in

832 1711 985 1769 ſeinen
1006 1706 1183 1762 Sarck
1213 1710 1374 1769 gelegt
1386 1713 1404 1757 /
1434 1713 1642 1759 darum
1612 1706 1644 1769 /
1674 1706 1869 1756 dieweil
1892 1720 1935 1755 er
1953 1706 2117 1759 keinen

833 1765 1007 1822 Sohn
1019 1767 1110 1827 hat
1125 1764 1445 1826 hinterlaſſen
1508 1768 1584 1818 Ob
1609 1779 1694 1814 nun
1713 1767 1793 1812 wol
1814 1767 1927 1823 unſer
1942 1768 2118 1827 Seliger

834 1829 906 1879 D.
910 1825 1224 1881 Dannhauer
1236 1826 1336 1884 auch
1349 1827 1483 1876 keinen
1495 1824 1695 1884 leiblichen
1722 1824 1805 1884 Sohn
1847 1827 2119 1881 hinterlaſſen
2101 1824 2119 1884 /

834 1887 978 1935 wollen
992 1887 1068 1932 wir
1079 1885 1177 1941 doch
1191 1887 1339 1932 darum
1353 1887 1450 1940 ſeine
1464 1881 1668 1940 Schluͤſſel
1678 1883 1761 1929 und
1773 1882 2100 1941 Schreib⸗Tafel
2111 1891 2119 1916 /

837 1944 923 1991 das
936 1942 998 2000 iſt
994 1942 1012 2001 /
1025 1944 1122 1998 dieſe
1138 1944 1234 1999 ſeine
1248 1943 1484 2001 Predigten
1498 1944 1606 1999 nicht
1617 1944 1860 1999 vergraben
1843 1942 1866 2001 /
1891 1943 1975 2000 daß
1989 1943 2037 1997 ſie
2051 1947 2121 1991 der

835 2001 1181 2060 Verweßlichkeit
1194 2011 1238 2059 zu
1249 2003 1346 2057 theil
1355 2004 1538 2054 werden;
1571 2002 1739 2058 ſondern
1753 2000 1940 2056 behalten
1953 2010 2000 2059 zu
2009 2004 2121 2061 Nutz

833 2063 919 2107 und
933 2058 1081 2117 Troſt
1065 2057 1090 2118 /
1111 2062 1196 2107 und
1221 2060 1458 2118 hertzlichem
1471 2057 1736 2118 Vergnuͤgen
1758 2059 1879 2115 ſeiner
1899 2057 2121 2117 geiſtlichen

836 2118 991 2173 Soͤhne
1009 2120 1095 2166 und
1106 2118 1307 2171 Toͤchter
1298 2116 1322 2174 /
1338 2121 1458 2167 deren
1484 2119 1602 2174 dieſer
1616 2116 1901 2174 Evangeliſche
1916 2118 2123 2174 Schrifft⸗

834 2178 1010 2233 gelehrte
1030 2179 1114 2224 eine
1133 2177 1241 2232 nicht
1266 2179 1431 2234 geringe
1461 2177 1625 2233 Anzahl
1645 2176 1769 2230 durch
1789 2177 1887 2229 ſeine
1912 2177 2011 2228 Lehr
2034 2180 2119 2226 und

834 2235 1071 2293 Schrifften
1092 2240 1297 2296 gezeuget
1298 2232 1316 2296 /
1328 2238 1413 2285 und
1436 2245 1485 2295 zu
1507 2235 1650 2293 ſeinem
1668 2232 1955 2293 unſterblichen
1968 2236 2121 2296 Ruhm

830 2293 932 2352 nach
942 2292 1014 2351 ſich
1030 2294 1212 2353 gelaſſen.

662 2371 675 2441 5
1962 2370 2121 2436 Damit

505 2751 675 2805 Herzog
690 2751 859 2805 August
880 2751 1119 2794 Bibliothek
1136 2752 1438 2795 Wolfenbüttel

505 2831 1401 2911 Se

497 2919 518 2951 0
620 2919 632 2950 1
743 2919 764 2951 2
869 2919 889 2951 3
987 2920 1009 2951 4
