2293 3120
562 273 687 324 Vom
702 276 931 331 verlohrnen
946 272 1093 328 Sohn.

297 371 325 398 in
341 365 451 409 ſignum
468 365 598 397 Iuſtitiæ,
624 375 682 393 non
699 366 727 393 in
745 362 859 393 cauſam
874 359 1108 402 juſtificationis:
1127 364 1167 391 ita
1177 357 1316 390 confeſſio
1330 357 1478 390 Sacerdoti

297 409 419 439 oflertur
431 418 461 436 in
470 408 578 448 ſiguum
589 416 632 436 yen
643 409 671 435 iæ
689 414 750 434 acce
764 413 820 446 ptæ,
829 415 888 434 non
898 406 927 434 in
936 402 1054 433 cauſam
1066 400 1238 433 temiſſionis
1248 400 1431 441 acciplendæ.

295 497 388 548 Laſſet
401 506 472 555 uns
489 496 596 546 unſere
617 491 774 537 Suͤnden
792 496 875 538 recht
896 496 1066 536 erkennen
1061 486 1074 555 /
1087 498 1156 535 und
1175 486 1233 542 fuͤr
1245 492 1358 534 Goꝛꝛ
1377 490 1472 537 unſer

80 555 266 602 Hertz
277 553 499 599 außſchuͤtten
493 545 510 602 /
510 550 537 594 ſo
552 554 632 588 wird
642 561 710 587 uns
720 549 843 588 Gnade
855 549 1096 597 wiederfahren.
1107 546 1208 586 Was
1218 548 1251 593 iſt
1260 547 1346 594 wohl
1356 551 1402 583 die
1413 545 1472 583 Ur⸗

81 607 245 655 ſlmach
264 606 291 651 ſo
309 605 402 643 vieler
424 596 620 649 ſchuͤchtern
615 592 634 655 /
643 600 879 648 erſchrockenen
899 604 968 638 und
987 598 1172 646 zaghafften
1194 592 1393 644 Gemuͤhter
1384 592 1403 655 /
1413 598 1470 634 als

174 656 323 700 vielleicht
335 655 408 707 eben
421 653 509 700 dieſe
511 648 522 707 /
522 654 592 690 weil
612 655 767 690 niemand
780 652 865 693 nicht
878 654 1007 699 einmahl
1026 646 1139 703 redlich
1156 650 1298 688 beichtet
1290 646 1307 703 /
1310 652 1378 687 und
1390 646 1470 696 ſeine

178 705 313 747 Suͤnde
324 704 512 753 auffrichtig
521 706 680 742 bekennet.
712 701 770 742 Es
779 705 844 750 gibt
855 703 1028 752 Prediger
1016 699 1032 753 /
1038 707 1084 741 die
1094 700 1185 751 mehr
1196 699 1272 747 auff
1280 700 1329 745 ihr
1339 705 1407 738 und
1418 703 1471 736 der

173 754 320 810 Zuhoͤrer
328 755 425 796 Meel
434 760 490 794 als
500 755 549 801 ihr
577 748 648 810 Seel
664 748 764 810 ſehen;
778 752 1003 800 Obrigkeiten
997 748 1009 810 /
1013 761 1060 792 die
1075 757 1134 792 den
1148 750 1355 799 Sigen⸗Nutz
1365 748 1469 798 mehr
1458 748 1469 810 /

176 816 230 850 als
246 817 292 848 die
313 811 454 856 gemeine
463 805 665 855 Wohlfahrt
677 808 857 845 bedeneken.
886 805 940 844 Wer
959 801 1005 856 iſt
1027 815 1112 844 unter
1127 816 1171 843 uns
1195 801 1275 856 allen
1290 811 1303 842 /
1321 809 1364 841 der
1375 801 1470 848 ſagen

178 865 259 901 kan
252 850 269 909 /
274 872 305 899 er
326 859 403 909 habe
423 856 532 898 GOtt
548 858 710 905 jemahlen
729 857 906 904 gebeichtet
910 850 928 909 /
923 867 983 894 wie
1005 856 1137 896 Dantel
1155 866 1181 894 c.
1196 869 1224 900 9.
1237 853 1299 904 Ja
1335 853 1358 903 H
1368 850 1470 903 Ert
1452 850 1470 909 /

178 919 272 954 wir
259 903 276 959 /
290 911 418 959 unſere
430 908 607 959 Koͤnige
590 903 612 959 /
624 908 751 957 unſere
769 906 930 958 Fuͤrſten
941 911 1020 948 und
1043 907 1168 956 unſere
1192 903 1316 959 Vaͤter
1329 903 1471 953 muͤſſen

181 972 259 1005 uns
278 962 470 1012 ſchaͤmen
453 955 470 1012 /
482 962 554 1007 daß
568 970 641 1000 wir
654 969 732 1000 uns
750 969 802 999 an
813 961 871 999 dir
881 959 1122 1009 verſuͤndiget
1137 958 1271 1009 haben.
1301 955 1471 1011 Sondern

182 1025 242 1053 wir
255 1018 412 1056 machens
421 1012 492 1049 alle
488 1004 504 1058 /
507 1014 568 1050 wie
576 1016 632 1050 der
641 1011 827 1057 ungerechte
838 1009 1065 1058 Haußhalter
1056 1004 1072 1058 /
1078 1014 1146 1047 und
1161 1008 1316 1056 ſchreiben
1325 1016 1405 1054 gern
1414 1004 1471 1054 fuͤr

183 1079 254 1103 100.
271 1065 395 1114 Pfund
409 1075 464 1114 5.
477 1071 536 1100 an
524 1054 542 1114 /
547 1066 608 1100 wir
622 1066 715 1099 reden
729 1067 802 1099 uns
817 1062 899 1109 auß
887 1054 910 1114 /
920 1065 989 1099 und
1009 1059 1268 1108 verglimpffens
1289 1054 1319 1104 ſo
1338 1068 1397 1106 gut
1411 1060 1472 1094 wir

182 1113 319 1156 koͤnnen
309 1109 325 1164 /
333 1121 408 1154 oder
420 1113 536 1164 troͤſten
550 1118 620 1150 uns
635 1123 694 1149 mit
708 1117 835 1150 andern
854 1113 1047 1160 Exempeln.
1060 1112 1189 1149 Wann
1203 1121 1284 1148 man
1293 1121 1318 1153 je
1329 1109 1473 1150 einmahl

186 1169 266 1208 recht
277 1168 428 1205 beichtete
424 1159 436 1213 /
445 1165 474 1213 ſo
506 1162 715 1208 doͤrffteddoꝛ⁊
727 1165 811 1202 nicht
821 1162 916 1210 ſolche
927 1159 1120 1207 ſchroͤckliche
1153 1160 1284 1201 Torturen
1313 1159 1476 1213 gebrauch⸗

185 1229 235 1257 en.
247 1218 392 1258 Suma:
406 1219 438 1252 Si
460 1228 495 1250 tu
512 1218 578 1264 iple
599 1215 701 1250 fueris
722 1213 911 1254 accuſator,
946 1219 960 1248 &
976 1215 1098 1248 DEUS
1110 1214 1289 1251 HDerator,
1313 1214 1397 1259 quid
1411 1213 1475 1246 erit

190 1271 349 1305 diabolus
370 1266 428 1304 niſi
449 1266 785 1312 calumpiator?
719 1261 796 1314 ſagt
806 1266 985 1314 Auguſtin.
999 1266 1094 1300 ſerm.
1110 1265 1161 1306 48.
1182 1268 1239 1302 das
1257 1261 1340 1314 iſt:(
1329 1261 1477 1307 Wann

185 1324 235 1361 du
247 1319 329 1370 dich
343 1319 454 1369 ſelber
464 1319 527 1360 als
536 1319 642 1359 einen
653 1315 825 1361 Suͤnder
836 1315 1049 1364 darſtelleſt
1044 1312 1067 1370 /
1065 1320 1143 1356 und
1154 1316 1237 1365 dich
1270 1312 1292 1359 G
1299 1312 1387 1359 Ott
1399 1321 1477 1353 von

186 1375 248 1411 der
265 1371 401 1415 Suͤnd
414 1369 563 1417 erloͤſet
563 1366 584 1419 /
578 1379 664 1411 was
686 1370 782 1409 wird
797 1371 862 1408 der
878 1366 1043 1419 Teuffel
1054 1367 1225 1408 alsdann
1243 1368 1328 1415 ſeyn
1342 1366 1404 1405 als
1421 1373 1478 1404 ein

183 1419 479 1466 Verleumder?
493 1420 581 1458 Nun
597 1421 729 1460 wolan
704 1416 724 1466 /
749 1424 802 1457 der
817 1417 1026 1465 Allerhoͤchſte
1048 1429 1162 1459 regiere
1180 1418 1290 1465 unſere
1318 1416 1474 1459 Hertzen
1459 1416 1474 1466 /

186 1479 257 1509 und
262 1463 365 1519 oͤffne
390 1480 447 1512 uns
461 1472 581 1514 unſern
599 1470 733 1508 Mund
715 1463 737 1519 /
744 1471 807 1518 daß
823 1475 883 1506 wir
898 1475 971 1506 uns
990 1469 1074 1506 nicht
1088 1467 1215 1514 ſcheuen
1228 1468 1308 1506 noch
1321 1463 1479 1512 ſchaͤmen
1467 1463 1479 1519 /

190 1521 300 1571 unſere
315 1520 445 1565 Suͤnde
454 1531 490 1565 zu
499 1521 638 1564 beichten
651 1524 718 1561 und
736 1528 771 1563 zu
780 1521 949 1560 bekennen
936 1517 953 1571 /
960 1518 989 1568 ſo
1003 1523 1083 1559 wird
1094 1526 1132 1560 es
1144 1520 1225 1565 recht
1234 1517 1365 1570 heiſſen;

352 1624 446 1677 Der
459 1617 628 1677 Menſch
639 1616 705 1689 fuͤr
746 1619 767 1672 G
776 1619 867 1673 Ott
876 1619 987 1678 wohl
1000 1619 1091 1681 ſelig
1099 1618 1165 1681 iſt
1151 1616 1165 1689 /

393 1684 527 1736 Dem
541 1682 604 1728 die
623 1680 764 1729 Suͤnd
781 1677 827 1736 iſt
836 1681 1050 1738 vergeben
1027 1677 1050 1738 /

360 1741 463 1798 Auß
476 1742 608 1788 lauter
623 1740 759 1790 Gnad
770 1739 892 1793 durch
911 1740 1079 1793 JEſum
1097 1735 1258 1796 Chriſt
1244 1735 1258 1798 /

421 1800 514 1851 Der
527 1800 612 1843 uns
626 1796 783 1844 erwarb
796 1797 880 1842 das
894 1796 1039 1850 Leben
1018 1796 1039 1851 /

359 1860 488 1913 Deckt
504 1868 550 1917 zu
563 1855 617 1905 all
636 1855 749 1913 unſer
763 1853 1007 1911 Miſſethat
985 1853 1007 1917 /

364 1920 508 1982 Zahlt
496 1912 516 1982 /
520 1918 617 1964 was
632 1926 671 1962 er
683 1914 791 1971 nicht
807 1913 1051 1969 verſchuldet
1063 1912 1140 1970 hat

415 1976 562 2035 Durch
579 1975 655 2034 ſein
681 1971 771 2035 Blut
795 1977 803 2027 /
815 1971 918 2023 Tod
937 1973 1022 2022 und
1036 1973 1256 2029 Wunden
1233 1971 1251 2035 /
1266 1981 1321 2023 ꝛc.

649 2092 697 2145 A
773 2092 817 2144 M
878 2092 919 2143 E
979 2092 1047 2143 N

851 2746 1020 2800 Herzog
1035 2747 1203 2800 August
1224 2746 1462 2788 Bibliothek
1479 2746 1781 2789 Wolfenbüttel

852 2825 1743 2905 e
