1089 1691
128 111 148 156 8
159 91 232 179 Die
243 94 309 181 ſeel
326 98 375 167 die
385 84 517 178 ſpucht
525 136 532 168 /
559 89 602 164 Es
611 122 752 175 kumpt
760 123 821 165 die
828 88 865 171 2
888 132 924 176 05

157 174 251 226 Das
260 180 330 219 leib
340 184 426 217 vnd
431 177 496 226 ſeel
506 187 586 219 von
597 182 780 225 eynander
791 176 952 227 ſcheydt
940 174 952 227 /

157 226 271 270 Was
279 232 331 279 hi
336 226 393 293 fft
392 230 476 273 dich
485 234 596 268 dann
599 231 688 268 dein
691 226 828 283 groſſer
834 237 911 300 geyt
931 241 940 287 /

137 279 140 315 0
153 280 231 331 Du
240 279 343 331 můſt
354 282 400 328 zů
412 279 539 327 aſchen
553 281 722 330 werden/

97 307 114 345 5
151 328 283 410 Dann
291 338 347 373 du
356 331 427 393 biſt
433 323 611 386 gemacht
617 332 695 384 auß
705 333 843 398 erden.

459 385 488 431 ¶
501 383 612 426 Leib.
681 383 691 394 5

159 403 316 484 Derleib
340 388 548 499 derſpoicht/
571 434 618 495 Du
645 388 780 499 machſt
802 410 864 473 mir
876 392 997 483 bang⸗
1028 415 1044 452 1

117 485 261 537 Ert
269 487 369 528 mich
379 486 476 531 nach
485 488 624 540 ewiger
631 484 738 536 freud
749 485 943 540 verlangt
929 484 943 540 ⸗

84 538 342 588 Chriſtus
352 536 450 587 helff
458 540 532 577 mir
541 548 632 583 zum
642 534 826 590 anefang
805 534 826 590 /

160 589 280 632 Woͤll
289 590 389 632 mich
400 596 491 636 zum
501 588 640 630 Vatter
650 589 834 630 bekeren
816 588 834 636 /

160 640 297 723 meyn
307 651 454 683 trauren
465 640 549 679 will
557 639 631 690 ſich
641 651 780 683 meren.

502 690 644 732 Seele.

462 687 498 741 0
725 715 727 717 g
1015 695 1020 699 f

161 713 239 799 Die
249 744 315 794 ſeel
322 745 382 785 die
391 743 547 805 ſpꝛicht
539 737 557 805 /
553 742 637 805 Ich
646 742 749 793 treyb
758 734 841 783 kein
850 740 876 790 ſe
867 690 1000 792 e

104 799 271 849 Sott
280 795 413 860 foꝛdert
429 798 485 843 ein
496 798 571 845 zerk
586 793 721 856 nuͤrſtes
735 796 847 852 hertz⸗

103 867 141 888 Der
159 842 320 898 leib
329 847 420 897 můͤß
430 842 490 895 hie
499 843 692 896 abſterben
700 848 826 893 durch
827 843 999 898 ſchmertz

147 898 287 941 Dann
296 911 332 938 er
328 898 388 949 ſt
395 898 545 949 zeytlich
552 899 731 949 geboꝛen
714 898 731 949 /

161 951 255 998 Den
259 949 452 998 Wuͤrmen
460 950 701 998 außerkoꝛen.

323 1007 329 1033 0
466 999 629 1051 Leib.
676 1003 678 1005 8

138 1104 140 1107 N
164 1023 244 1111 Der
252 1023 325 1095 1255
335 1056 399 1099 der
408 1051 600 1103 ſpꝛicht
549 1043 566 1107 /
581 1043 598 1107 O
612 1051 715 1093 Gott
724 1047 825 1092 mein
836 1049 949 1101 Herr
933 1043 949 1107 /

143 1104 278 1154 Silff
280 1110 356 1148 das
364 1104 424 1150 jch
435 1103 536 1144 mich
547 1100 665 1154 durch
675 1102 869 1153 Chꝛiſtum
882 1100 1003 1142 beker⸗

164 1159 212 1200 G
219 1159 385 1216 hesliger
397 1154 514 1205 Geiſt
524 1154 632 1205 meyn
642 1155 809 1206 glauben
819 1163 973 1198 mer

84 1206 275 1261 Di.lff
276 1213 374 1250 mirs
381 1207 530 1271 zeytlich
532 1201 699 1253 erleyden
708 1222 729 1255 /
847 1208 882 1219 8

153 1281 155 1283 8
165 1261 242 1355 119
259 1256 293 1342 0
300 1259 414 1321 troͤſt
414 1271 439 1304 in
448 1260 586 1310 ewiger
589 1250 768 1353 5

128 1323 130 1330 5
371 1314 378 1326 5
435 1311 548 1411 45
552 1323 587 1353 2
589 1310 637 1365 le.
686 1317 689 1329 8
