1728 2647
611 326 637 361 4
999 319 1272 351 RN

613 410 717 447 gegen
734 400 825 435 einen
842 400 966 435 andern
988 398 1118 443 Koͤrper
1137 403 1296 449 hinhielt,
1325 415 1359 439 er
1383 407 1492 448 leichte
1515 405 1648 451 Koͤrper

614 467 658 491 an
682 456 739 500 ſich
767 466 842 500 zog,
881 456 1027 497 kniſterte
1055 459 1120 492 und
1147 458 1179 492 in
1210 460 1267 494 der
1296 458 1518 511 Dunkelheit,
1548 466 1647 503 kleine

614 505 786 557 Fuͤnkchen
805 511 893 553 ſehen
912 512 989 554 ließ.
1049 511 1141 548 Weil
1158 513 1215 548 der
1232 514 1428 555 Bernſtein,
1464 517 1645 558 eleckrum

614 565 711 617 heiſt,
744 567 773 608 ſo
793 575 912 602 nannte
932 579 1009 603 man
1027 569 1128 610 dieſes
1138 567 1264 614 Feuer,
1297 568 1516 625 electriſches
1530 568 1643 625 Feuer.

613 622 705 660 Man
722 624 875 658 bemerkte
893 624 1028 671 hernach
1041 626 1129 668 auch,
1160 625 1223 667 daß
1238 626 1338 666 Glas,
1370 630 1471 674 Pech,
1503 631 1646 678 Schwe⸗

614 679 675 722 fel,
708 678 927 723 Siegellae“)
953 691 989 717 u.
1018 682 1047 715 d.
1075 690 1109 725 g.
1144 681 1205 717 das
1234 685 1409 731 nehmliche
1441 685 1546 731 Feuer
1579 697 1644 725 von

614 735 671 775 ſich
691 738 801 778 geben,
832 745 926 768 wenn
945 745 1023 769 man
1044 735 1082 771 ſie
1102 738 1261 773 entweder
1278 741 1337 776 mit
1353 742 1409 775 der
1419 739 1535 785 Hand,
1570 746 1646 780 oder

612 790 676 825 mit
692 788 796 823 einem
818 790 966 824 ledernen
986 783 1107 831 Kuͤſſen
1130 792 1223 827 reibt.

695 841 817 893 Daher
835 847 956 888 machte
977 854 1054 880 man
1072 845 1283 889 Maſchienen
1302 849 1335 885 in
1350 850 1463 895 welche
1481 860 1558 887 man
1573 848 1646 890 Ku⸗

613 901 687 947 geln
703 907 770 934 von
790 898 901 941 Glas,
932 900 1008 934 oder
1028 901 1260 948 Schwefel“)
1280 906 1429 949 einſezte,
1461 908 1528 942 und
1545 909 1649 954 durch

612 956 666 992 ein
685 954 763 990 Rad
783 954 900 1004 herum
923 956 1022 997 trieb;
1053 969 1095 992 an
1128 960 1178 993 die
1202 956 1314 1008 Kugel
1340 964 1416 997 aber
1443 964 1493 999 ein
1521 958 1646 1008 Kuͤſſen

612 1011 746 1051 anhielt.
807 1010 871 1046 Um
892 1012 968 1047 aber
985 1013 1044 1047 das
1067 1013 1191 1058 Feuer,
1217 1017 1350 1052 welches
1369 1027 1446 1050 man
1463 1018 1563 1062 duech
1580 1021 1644 1056 das

611 1064 741 1100 Reiben
773 1065 871 1107 dieſer
895 1065 987 1103 Glas
1021 1068 1086 1102 und
1115 1066 1410 1113 Schwefelkugeln
1436 1071 1568 1120 erhielt,
1603 1085 1642 1118 zu

609 1119 783 1160 ſammeln,
821 1122 945 1162 machte
972 1132 1050 1155 man
1079 1122 1228 1164 folgende
1255 1120 1487 1171 Einrichtung.
1550 1127 1644 1165 Man

609 1173 765 1209 bemerkte
784 1173 845 1210 daß
865 1173 965 1213 diefes
983 1173 1091 1217 Feuer
1115 1181 1181 1210 von
1209 1175 1298 1211 einer
1326 1180 1516 1224 geriebenen
1538 1181 1642 1221 Glas,

609 1229 724 1273 kugel,
757 1239 853 1275 gerne
881 1229 943 1267 auf
973 1229 1031 1264 alle
1059 1229 1164 1267 Arten
1188 1239 1253 1266 von
1280 1231 1442 1270 Metallen
1466 1238 1517 1279 ſoß
1547 1240 1642 1287 gehet

609 1290 678 1322 und
701 1287 804 1322 daran
828 1286 894 1329 fort
920 1287 1015 1325 lauft.
1075 1285 1161 1331 Daß
1193 1290 1269 1324 aber
1295 1288 1356 1325 das
1384 1288 1498 1331 Glas,
1529 1292 1641 1339 Pech,

608 1341 788 1384 Sigellac,
826 1343 884 1375 alle
910 1343 1014 1378 Arten
1043 1350 1106 1380 von
1134 1344 1290 1391 Harzen,
1327 1349 1395 1383 und
1425 1349 1475 1384 die
1501 1346 1641 1393 Seide,

607 1395 709 1434 dieſes
720 1394 826 1438 Feuer
837 1394 921 1451 nicht
939 1399 1041 1431 weiter
1053 1400 1161 1438 laufen
1179 1402 1365 1447 laſſen.
1333 1394 1366 1451 )
1423 1401 1546 1453 Daher
1563 1405 1643 1446 ſtell⸗

608 1457 639 1483 te
663 1459 742 1483 man
764 1450 833 1481 eine
857 1449 1013 1490 blecherne
1038 1448 1154 1498 Roͤhre
1178 1455 1339 1487 entweder
1365 1458 1429 1495 auf
1448 1459 1540 1491 einen
1564 1459 1642 1502 Fuß

610 1511 676 1539 von
693 1503 783 1541 Glas
803 1503 872 1558 oder
891 1503 990 1558 Pech;
1028 1504 1104 1540 oder
1116 1505 1213 1554 hieng
1230 1507 1267 1546 ſte
1287 1518 1327 1542 an
1345 1508 1488 1549 ſeidenen
1500 1509 1642 1558 Schnuͤ—⸗

609 1571 666 1596 ren
687 1562 765 1599 auf,
792 1560 861 1595 und
881 1561 1008 1603 richtete
1030 1560 1068 1599 ſie
1087 1571 1188 1609 gegen
1207 1562 1276 1598 eine
1299 1561 1504 1614 Glaskugel,
1535 1570 1585 1609 die
1605 1574 1641 1611 in

608 1618 664 1653 der
684 1616 743 1661 erſt
762 1617 925 1652 bemelden
940 1615 1145 1663 Maſchiene,
1174 1620 1224 1656 die
1241 1630 1319 1658 man
1330 1616 1642 1680 Electriſirmaſchie.

1605 1696 1645 1723 ne

606 1760 645 1796 )
667 1759 789 1792 Gilbert
804 1758 849 1790 ein
868 1753 1064 1791 Engellaͤnder
1082 1759 1119 1791 im
1142 1765 1184 1790 18.
1196 1759 1429 1804 Jahrhundert,
1450 1767 1537 1807 zeigte
1552 1769 1642 1807 dieſes

668 1818 701 1848 zu
717 1810 770 1845 erſt
791 1812 821 1841 in
840 1809 939 1844 ſeinem
960 1810 1078 1843 Tractat
1094 1820 1158 1845 vom
1180 1814 1322 1852 Magnat.

605 1859 666 1895 **)
688 1859 770 1890 Otto
789 1866 847 1890 von
864 1859 990 1891 Guerike
1012 1870 1057 1894 ein
1082 1861 1316 1901 Burgermetſter
1341 1866 1371 1895 in
1387 1864 1580 1909 Magdeburg
1603 1872 1643 1905 im

666 1915 788 1946 vorigen
814 1908 1040 1946 Jahrhunbert,
1076 1914 1177 1952 erfand
1199 1914 1245 1944 die
1268 1914 1383 1953 Kugeln
1405 1922 1464 1951 von
1485 1919 1642 1961 Schwefel

667 1963 697 1993 zu
716 1955 893 1988 elettriſchen
912 1957 1077 1997 Gebrauch.

605 2006 689 2041 K*)
713 2005 795 2038 Man
815 2011 921 2036 nennet
941 2008 1029 2040 daher
1046 2015 1089 2043 die
1137 2013 1253 2052 Metalle,
1277 2017 1333 2048 das
1348 2017 1463 2062 Waſſer
1472 2025 1525 2056 den
1540 2024 1641 2061 thieri⸗

666 2053 743 2089 ſchen
767 2055 825 2084 und
842 2054 1041 2092 menſchlichen
1058 2059 1175 2098 Koͤrper
1197 2072 1225 2094 u.
1245 2067 1270 2096 d.
1289 2075 1316 2103 g.
1334 2068 1474 2104 leitende
1493 2064 1642 2119 Roͤrper

668 2104 722 2134 des
754 2103 931 2134 electriſchen
961 2104 1087 2143 Feuers.
1140 2112 1292 2152 Hingegen
1325 2119 1429 2158 Glas,
1459 2120 1555 2162 Pech,
1585 2127 1640 2160 alle

663 2148 792 2188 Harzen,
819 2147 983 2184 Schwefel,
1010 2154 1159 2195 Sigellac,
1184 2157 1292 2207 Seide,
1316 2162 1433 2216 gedoͤrrt
1452 2169 1515 2213 Holz
1533 2182 1562 2208 u.
1577 2177 1600 2208 d.
1611 2184 1637 2216 g.

659 2198 747 2237 nicht
763 2199 902 2233 leitende
927 2197 1075 2242 Roͤrper
1092 2210 1144 2241 des
1163 2211 1340 2255 klectriſchen
1359 2216 1485 2256 Feuers.
