1533 2397
312 202 373 241 der
389 190 682 245 Manufacturen
706 195 781 239 und
797 189 987 245 Fabriken.
1068 198 1161 241 105

197 299 271 335 dente
284 292 436 342 Fabriken
450 291 549 342 haben
564 292 636 340 dieſe
651 290 756 340 Regel
774 290 834 329 mit
857 295 952 339 guten
974 287 1097 336 Nugen
1113 289 1162 327 be-

198 351 318 402 folgetz
342 352 407 387 und
422 359 497 389 man
512 350 567 400 hat
580 351 652 390 eben
667 349 759 396 dieſes
768 350 824 398 bey
836 348 915 388 einer
923 345 1162 390 Cammertuch-

198 414 317 468 fabrife
336 414 370 455 in
396 413 587 463 Schleswig
608 410 799 460 beobachtet,
836 411 882 451 die
902 407 1079 460 überhaupt
1099 410 1162 450 mit

201 473 317 525 großer
337 473 493 529 Klugheit
512 474 703 525 eingerichtet
725 474 762 523 iſt
784 478 850 515 und
877 475 923 515 die
940 472 1004 525 ſehr
1019 472 1081 513 viel
1094 482 1164 514 verz

198 542 328 591 Fricht,

275 724 441 768 Nachdem
458 720 519 762 wir
534 721 579 762 die
597 721 659 764 Art
673 725 738 762 und
756 720 860 770 Weiſe
879 722 1086 769 vorgetragen
1107 715 1163 768 ha-
1176 726 1224 755 Auf
1231 728 1276 752 wat
1282 726 1326 754 Are

198 769 335 815 ben,
282 773 332 821 wie
350 773 396 805 die
409 771 597 815 Regierung
611 773 656 804 die
672 770 907 813 Geſellſchaften
922 779 975 803 am
989 771 1086 814 beſten
1103 781 1160 808 un-
1173 749 1326 806 Mennſernus

199 834 354 877 terſtúgen
368 834 461 872 kann,
484 832 530 863 die
544 831 696 873 Fabriken
712 831 862 871 anlegen;
890 830 921 870 ſo
942 831 1081 866 kommen
1099 833 1160 870 wir
1171 802 1288 885 Meiſters
1290 859 1314 879 «

199 902 376 948 nunmehro
391 900 456 946 auf
468 902 515 938 die
539 899 776 947 Uncerſtüßung
797 903 849 935 der
862 899 976 945 einzeln
990 900 1159 948 Manufa-
1171 893 1313 947 Lrterſtügen

1173 944 1227 971 find,

198 957 334 998 eturiers
354 962 420 997 und
440 955 575 1005 Meiſter
599 955 655 1005 bey
679 959 775 994 denen
796 953 943 997 Seiden-
951 953 1082 1001 Wollen
1098 957 1165 993 und

198 1017 571 1070 Leinenmanufacturen
560 1021 576 1073 ,
596 1019 649 1060 als
670 1017 725 1070 bey
745 1017 876 1062 welchen
898 1016 959 1057 wir
979 1019 1026 1060 die
1044 1017 1166 1067 Geſell-

200 1081 346 1133 ſchaften,
355 1082 408 1122 als
422 1080 699 1129 Entreprenneurs
709 1081 869 1128 derſelben,
877 1080 960 1122 nicht
970 1090 1029 1119 vor
1037 1080 1166 1124 dienlich

199 1145 331 1185 erachtet
344 1142 453 1190 haben.
478 1142 542 1180 Da
557 1142 622 1190 hier
636 1144 695 1178 das
709 1138 1011 1186 Hauptaugenmerk
1026 1144 1078 1178 der
1091 1140 1163 1178 Neo

199 1202 333 1253 gierung
354 1201 449 1251 dahin
469 1200 612 1250 gerichtec
625 1201 693 1252 ſeyn
715 1199 807 1249 muß,
845 1198 918 1248 dieſe
939 1199 1027 1241 Leute
1045 1199 1080 1240 in
1105 1203 1165 1243 den

201 1268 326 1310 Stand
344 1277 383 1314 zu
408 1265 505 1315 ſetzen,
531 1265 594 1312 daß
613 1268 650 1317 ſie
678 1266 733 1315 fich
754 1265 839 1316 ſelbſt
858 1262 1001 1315 verlegen
1024 1264 1167 1313 können
1150 1264 1170 1318 z

201 1326 235 1376 ſo
250 1326 287 1375 iſ
301 1330 362 1368 das
374 1325 466 1378 erſte,
491 1333 564 1367 was
582 1325 621 1374 ſie
640 1323 802 1378 hierinnen
819 1323 902 1375 thun
924 1321 1018 1372 kann,
1044 1321 1107 1372 daß
1126 1324 1167 1371 ſie

202 1391 346 1440 dieſelben
362 1393 423 1434 mit
442 1390 595 1440 Stühlen
620 1393 686 1429 und
706 1386 993 1437 Handwerkszeuge
1006 1397 1043 1435 zu
1057 1386 1170 1428 Ausüs

202 1447 291 1496 bung
301 1449 382 1498 ihrer
390 1446 713 1494 Manufacturarbeit
720 1448 873 1496 verſiehet,
888 1446 1000 1485 Wenn
1008 1456 1083 1484 man
1091 1455 1167 1485 vor-
1203 1454 1206 1464 |

201 1507 355 1553 ausſelzet,
364 1507 427 1552 daß
434 1512 526 1544 unter
535 1511 592 1543 den
604 1519 618 1546 ç
626 1519 650 1542 0
658 1506 832 1552 geſchickten
839 1505 980 1552 fremden
986 1505 1167 1549 Arbeitern»

202 1566 312 1611 welche
326 1567 372 1606 die
385 1564 572 1615 Regierung
587 1565 731 1613 vermöge
746 1568 796 1602 der
804 1562 1066 1612 auszuzahlenden
1081 1565 1166 1605 Reis

202 1629 330 1680 ſckoſten
339 1627 469 1679 jährlich
485 1626 518 1666 in
528 1630 586 1667 das
595 1626 677 1670 Land
690 1625 791 1677 zichet,
811 1638 856 1676 zo
873 1621 1167 1669 Seiden-Wollens

205 1694 271 1730 und
279 1686 517 1730 Leinenarbeiter
533 1689 618 1738 ſind;
638 1690 802 1726 undwenn
818 1696 894 1726 man
912 1684 1085 1730 annimmt,
1102 1684 1166 1733 daß

207 1755 255 1792 ein
264 1754 380 1806 Stuhl
388 1748 787 1803 und|Handwerksgeräthe
794 1761 854 1792 vor
865 1750 951 1790 einen
964 1750 1115 1796 Arbeiter,
1124 1750 1168 1790 eis

207 1823 268 1853 nen
276 1817 310 1855 in
325 1821 384 1856 das
399 1817 493 1854 andre
506 1817 669 1863 gerechnet,
680 1824 726 1860 50
736 1813 831 1864 rthlr.,
847 1813 938 1862 koſtet
951 1822 964 1864 ;
982 1813 1014 1861 ſo
1029 1812 1110 1852 wird
1127 1813 1166 1861 ſie

209 1885 273 1914 nur
283 1881 337 1917 den
348 1876 546 1927 zwanzigſten
555 1876 645 1929 Theil
653 1885 716 1914 von
727 1880 778 1915 der
783 1872 913 1925 jährlich
921 1871 1167 1922 ausgeworfnen

210 1934 360 1976 Summe
367 1934 477 1986 nöthig
486 1931 732 1983 haben,umdieſe
752 1945 789 1981 zo
795 1932 939 1981 Arbeiter
947 1928 1091 1979 damit
1054 1934 1087 1987 zu
1098 1939 1169 1971 vers

211 1998 309 2049 ſehen.
316 1997 367 2037 Es
376 2000 455 2038 wird
464 1996 603 2047 rathſam
610 1994 689 2053 ſeyn,
700 1996 755 2045 daß
761 2007 837 2036 man
851 1995 942 2045 ihnen
952 2002 1015 2032 nur
1028 1983 1168 2047 dieHelf-

211 2066 241 2099 te
257 2063 309 2099 der
323 2055 473 2099 Summe
490 2059 627 2109 ſchenket,
637 2063 707 2097 was
723 2060 774 2096 der
787 2053 901 2105 Stuhl
914 2055 979 2094 und
987 2056 1046 2096 das
1054 2045 1168 2104 Hand-

678 2126 763 2176 G5
1052 2125 1169 2166 werkss
