1530 2382
384 187 470 229 106
498 181 564 227 Ul.
579 181 703 239 Abſch.
713 191 785 227 von
795 181 987 238 Anlegung
996 188 1070 230 und
1084 181 1299 235 Gründung

379 281 606 333 werksgeräthe
620 282 746 334 gekoſtet
760 284 815 334 hat
832 288 895 324 und
905 285 965 334 daß
979 296 1054 325 man
1066 286 1158 336 ihnen
1172 285 1218 325 die
1232 285 1338 334 übrige

381 341 490 389 Helfte
504 345 579 385 nach
594 345 659 380 und
673 344 748 385 nach
761 344 819 382 alle
832 343 940 392 Yahre
954 344 1054 380 etwas
1075 344 1211 393 weniges
1231 342 1338 392 bezah-

381 394 433 434 len
449 393 539 444 läßt
563 396 668 437 indem
682 405 759 435 man
768 399 902 440 dadurch
910 397 959 437 ein
973 395 1076 439 Rechc
1088 398 1229 448 behalten
1241 397 1338 445 wird,

381 461 445 512 auf
448 464 675 508 unordentliche
682 465 811 515 Wirthe
820 464 1027 514 aufmerkſam
1035 475 1072 511 zu
1080 464 1268 514 ſeyn,daßſic
1276 471 1337 506 das

379 523 704 575 Handwerksgeräthe
717 526 798 569 nicht
811 525 986 574 veräußern
1008 526 1134 576 dürfen.
1171 527 1282 568 Wenn
1299 530 1339 577 ſie

378 597 449 627 nun
473 586 690 634 ſolchergeſtalc
705 598 743 636 zu
764 588 899 628 arbeiten
920 589 954 631 in
979 588 1100 631 Stand
1126 588 1240 640 geſegct
1253 589 1339 639 ſindz

377 653 412 700 ſo
431 651 548 695 müſſen
570 649 607 697 ſie
621 660 717 699 gegen
736 651 875 701 künftige
892 651 1085 702 Bezahlung
1103 652 1163 691 mit
1176 655 1271 692 denen
1290 663 1340 691 ers

352 709 358 712 “
377 708 443 755 ſien
457 706 666 749 Maccrialien
680 707 819 754 verſehen
832 711 966 754 werden,
991 719 1046 746 um
1066 709 1135 757 ihre
1150 704 1260 751 Arbeit
1278 719 1339 749 ano

380 767 500 817 fangen
523 780 560 817 zu
579 770 718 819 können
707 769 727 824 ,
742 774 848 809 davon
874 772 936 811 wir
957 772 1082 821 ſogleich
1103 773 1158 821 bey
1183 773 1339 820 Gelegen-

379 832 445 883 heit
462 837 516 874 des
530 832 863 884 Manufacturhauſes
881 833 914 873 in
937 833 1080 884 mehrern
1100 833 1235 884 handeln
1255 844 1337 874 wer-

378 896 452 933 den.
501 892 633 937 Endlich
647 893 722 934 aber
738 894 819 932 wird
830 892 874 932 es
888 892 999 944 nôthig
1016 894 1108 942 ſeyn,
1121 894 1185 944 daß
1202 895 1249 936 die
1267 894 1337 938 Re-

375 952 512 1001 gierung
525 954 623 992 einem
630 952 716 1001 jeden
728 956 841 1003 cinzeln
849 956 984 1005 Meiſter
996 963 1060 996 und
1069 955 1338 1006 Manufacturier

378 1018 429 1054 die
441 1018 537 1060 erſten
551 1021 574 1051 6
588 1017 696 1064 Jahre
710 1017 784 1053 über
798 1018 846 1055 ein
862 1019 1001 1065 gewiſſes
1014 1018 1194 1064 Prämium
1211 1028 1273 1057 vor
1286 1019 1336 1057 ein

378 1077 462 1123 jedes
484 1076 595 1120 Stäk
612 1077 842 1127 Seidenzeug
839 1070 859 1131 ,
867 1074 954 1123 Tuch
974 1082 1039 1121 und
1052 1076 1132 1127 feine
1146 1077 1337 1127 Leinewand,

372 1140 423 1179 die
451 1138 528 1184 nach
546 1139 732 1190 Vorſchrift
754 1144 805 1179 der
826 1138 1035 1190 Reglements
1060 1137 1239 1192 verfertiget
1261 1139 1339 1187 ſitid,

377 1200 557 1248 anszahlet
552 1199 569 1255 ,
580 1202 700 1252 ſowohl
724 1215 781 1242 um
802 1205 875 1251 dieſe
895 1204 1030 1253 Meiſter
1043 1216 1081 1251 zu
1094 1206 1174 1250 deſto
1190 1202 1335 1256 mehrern

375 1261 470 1306 Fleiß
485 1271 521 1303 zu
535 1266 728 1305 ermuntern,
754 1262 806 1297 als
824 1263 917 1307 ihnen
938 1267 994 1300 den
1010 1259 1165 1308 Anfangs
1186 1258 1333 1309 theurern

371 1316 463 1365 Lohn
480 1321 531 1355 der
550 1315 740 1365 Spinnerey
760 1318 945 1365 úbertragen
959 1328 995 1364 zu
1016 1319 1128 1365 helfen.
1180 1319 1232 1360 Es
1252 1317 1335 1360 wird

370 1388 480 1428 genug
494 1379 575 1428 ſeyn,
583 1390 675 1421 wenn
690 1383 727 1432 ſie
741 1390 801 1421 vor
812 1384 895 1429 jedes
908 1384 1018 1426 Stück
1031 1381 1241 1434 Seidenzeug,
1249 1383 1337 1429 Tuch

374 1439 443 1476 und
455 1434 536 1485 feine
551 1433 728 1478 Leinewand
737 1444 817 1486 zwey
826 1435 965 1490 Rthaler
983 1424 1165 1489 Prämium
1185 1435 1335 1488 bezahletz

352 1503 442 1544 “und
462 1512 554 1543 wenn
576 1502 654 1543 man
674 1503 852 1553 annimmt,
879 1503 942 1555 daß
961 1515 1026 1547 von
1045 1505 1159 1553 ſolchen
1179 1513 1333 1553 neuange-

372 1570 493 1619 henden
513 1570 800 1620 Manufacturiers
821 1571 951 1621 jährlich
971 1583 1069 1619 4500
1086 1573 1196 1614 Stück
1217 1574 1335 1620 verfer-

367 1628 456 1678 ‘tiget
482 1633 623 1668 werden:
648 1630 680 1676 ſo
700 1634 821 1669 werden
841 1629 944 1679 hierzu
967 1633 1038 1677 drey
1058 1627 1250 1680 Zehentheile
1277 1634 1332 1671 des

375 1688 506 1741 jährlich
519 1690 711 1738 beſtimmten
724 1691 924 1740 Aufwandes
938 1692 1102 1740 erfordert,
1151 1694 1202 1735 Es
1217 1694 1332 1736 bleiben

376 1750 525 1793 demnach
539 1749 614 1791 noch
623 1753 695 1799 drey
712 1746 958 1802 Zwanzigtheile
967 1760 1031 1791 von
1046 1758 1097 1791 der
1112 1752 1240 1802 jährlich
1253 1762 1330 1794 aus-

373 1811 571 1861 geworfenen
592 1812 742 1855 Summe
758 1814 871 1864 übrig;
897 1818 961 1854 und
977 1816 1048 1862 dieſe
1063 1815 1179 1863 müſſen
1204 1827 1240 1864 zu
1257 1815 1331 1860 Un-

376 1872 558 1923 terhaltung
572 1874 654 1912 eines
669 1873 1000 1926 Manufacturhauſes
1010 1879 1183 1915 verwendet
1196 1880 1329 1926 werden,

375 1941 494 1975 wovon
528 1933 590 1976 wir
617 1933 773 1985 nunmehr
801 1942 903 1979 etwas
935 1933 1163 1986 ausführlicher
1193 1936 1328 1989 handeln

373 2002 505 2053 müſſen,

1222 2125 1334 2161 Wenn
