1900 2700
256 234 314 283 de
330 235 462 284 vrinis
773 240 842 290 7
932 235 987 268 7
1197 251 1345 303 XXII

137 306 226 342 Alia
234 307 331 342 cauſa
339 309 386 341 eſt
395 310 477 356 quia
486 319 577 346 renes
586 309 663 347 ſunt
670 316 863 365 propinqui
871 319 936 370 viis
944 321 1131 362 vtinalibus
1140 327 1232 364 vnde
1246 331 1415 383 piguedo

135 363 210 388 non
246 353 397 397 permiſcet᷑
410 358 441 389 in
445 359 508 402 via
516 370 596 394 cum
606 361 738 407 liquore
746 365 850 399 vrine:
864 353 938 411 ſicut
950 365 992 402 fit
1000 381 1076 405 cum
1085 374 1239 421 piguedo
1255 377 1407 414 aliorum

133 403 329 438 membrorũ
338 410 470 449 remota
477 405 524 438 eſt
533 406 622 442 ynde
631 408 788 454 piguedo
797 413 877 445 renũ
887 416 1000 461 magis
1008 427 1149 464 apparet
1159 422 1195 455 in
1208 422 1288 459 vria:
1304 425 1348 461 yel
1360 437 1406 472 ga

132 447 244 483 maior
250 449 308 485 elt:
323 449 366 484 vel
374 450 455 496 quia
462 451 512 490 nõ
518 451 733 498 permiſcetur
742 457 782 489 cũ
791 457 923 504 liquore
933 471 1027 500 yrine
1036 466 1098 511 am
1115 468 1274 517 piguedo
1293 471 1406 508 aliorũ

128 493 382 537 membrorum,

393 541 468 590 De
478 542 644 619 liquore
656 547 728 597 ſeu
738 550 978 602 ſubſtantia
989 558 1132 615 vrine.

125 646 258 693 Liquor
266 647 320 684 ſeu
331 648 514 689 ſubſtantia
524 656 620 690 vrine
629 657 665 691 in
676 660 737 702 tria
746 661 950 699 diuidit᷑.
906 646 950 707 Eſt
958 668 1014 700 enĩ
1023 679 1104 714 aquo
1114 662 1164 714 ſus
1184 666 1325 705 ſubtilis.
1332 672 1396 708 Vel

124 694 257 741 groſſus
277 697 298 732 &
320 699 484 733 turbidus:
491 700 559 735 ſiue
568 706 798 744 mediocris.
802 709 869 743 Cauſ⸗
858 710 873 765 2
893 722 971 747 vero
991 714 1190 750 diuerſitatis
1205 718 1242 750 in
1262 719 1396 765 liquore

126 741 221 777 vrine
230 743 277 775 eſt
284 741 379 779 actio
391 748 482 782 varia
490 758 603 783 nature
612 752 648 783 in
658 751 736 787 ipſo
746 756 892 800 Iiquore.
920 760 981 805 qui
990 761 1042 797 yel
1049 762 1098 794 eſt
1105 765 1332 801 naturalis:
1293 752 1337 805 yel
1342 766 1395 799 nõ

126 789 298 822 naturalis.
306 791 477 826 Naturalis
485 795 570 829 inter
584 798 735 850 groſſum
746 801 790 836 &
800 800 970 838 ſubtilem.
982 806 1089 849 Clarũ
1115 809 1135 844 &
1153 810 1332 845 turbidum
1348 812 1396 846 eſt

122 833 361 871 mediocris.
329 833 359 888 Et
369 837 463 884 ſeniꝑ
473 841 511 874 in
520 844 668 879 eiuſdem
678 849 849 892 qualitatis
859 855 1098 898 temperamẽto
1108 854 1318 892 cõſiſtit.
1268 845 1320 903 Hic
1334 868 1396 903 per

121 875 312 915 fectionem
321 883 537 921 decoctionis
546 887 722 936 ſignificat
730 904 891 939 ꝑmanere
901 898 937 930 in
947 899 1066 934 eadem
1084 902 1302 947 qualitate.
1267 883 1302 951 Et
1316 898 1392 954 tẽpe

120 935 210 959 ratos
221 930 384 965 monſtrat
392 932 548 968 humores
556 936 619 970 eſſe
627 938 664 971 in
674 941 837 985 qualitate
848 943 893 978 &
903 946 1104 991 qᷓntitate.
1071 942 1105 991 Et
1119 946 1289 984 leuitatem
1308 951 1390 984 eorũ

121 973 168 1005 ad
177 976 353 1010 naturã.
320 973 356 1030 Et
361 980 523 1023 poteſtatẽ
531 992 646 1018 nature
654 987 698 1019 ad
709 998 767 1026 eos
775 988 934 1034 digerere.
942 993 1030 1027 Non
1041 996 1201 1029 naturalis
1210 996 1340 1031 diuidit᷑
1347 998 1401 1031 in

120 1018 251 1054 duo.
221 1018 253 1077 In
262 1024 429 1068 aquoſum
441 1027 463 1062 &
493 1026 662 1063 ſubtilem.
677 1032 729 1068 Vel
745 1036 897 1081 groſſum
908 1037 952 1073 &
962 1040 1136 1075 turbidum.
1150 1042 1332 1090 Aquoſus
1341 1045 1388 1081 &

120 1063 253 1099 ſubtilis
262 1069 456 1107 cruditatem
468 1073 642 1122 ſignificat
651 1078 859 1117 humòrũ:
829 1069 863 1126 &
875 1084 1160 1131 groſſitudinẽ.
1130 1080 1166 1140 Et
1175 1099 1330 1137 naturam
1344 1093 1387 1140 pi

117 1112 297 1159 gritantem
306 1117 352 1150 eis
358 1128 544 1167 repugnare
553 1123 597 1158 &
607 1136 665 1158 eos
676 1126 726 1158 nõ
737 1129 904 1165 yalentem
913 1132 1108 1179 decoquere.
1115 1137 1151 1171 Si
1163 1134 1204 1169 ſit
1214 1135 1285 1171 ſine
1292 1136 1388 1175 febre

116 1159 256 1193 duobus
269 1159 468 1209 monſtratur
490 1159 601 1209 modis.
609 1172 671 1205 Vel
684 1183 725 1204 ex
735 1175 845 1207 nimiĩa
857 1175 1020 1211 ſaturitate
1038 1181 1193 1224 groſſorũ
1211 1183 1331 1216 ciborũ
1342 1186 1387 1222 &

116 1206 266 1237 multorũ
274 1211 391 1240 naturã
400 1212 610 1248 yincẽtiũ:
579 1206 602 1254 &
617 1217 763 1250 calorem
774 1216 959 1262 naturalem
971 1224 1182 1270 cõgelantiũ.
1196 1227 1246 1262 Vel
1257 1240 1298 1261 ex
1314 1232 1387 1267 mul

115 1258 154 1280 ta
162 1258 251 1293 aqua
261 1244 386 1301 frigida
397 1255 570 1290 bibita:
542 1251 561 1307 &
581 1258 759 1303 ſepiſſime.
767 1264 863 1297 Sicut
870 1267 1020 1310 patiũtur
1027 1270 1124 1301 hoĩes
1133 1273 1169 1303 in
1179 1273 1334 1318 dyabete.
1345 1279 1386 1312 Si

114 1300 225 1327 autem
234 1307 310 1330 cum
319 1294 408 1332 febre
417 1297 594 1346 ſignificat
602 1305 796 1351 opilationẽ
805 1308 841 1341 in
851 1311 967 1388 1
978 1315 1146 1359 epatis:
1116 1311 1136 1368 &
1157 1321 1280 1355 yenarũ
1299 1324 1385 1357 inter

113 1341 245 1387 epar
210 1341 231 1398 &
255 1352 344 1376 renes
353 1354 461 1392 ꝓpter
467 1348 599 1393 groſſos
609 1351 764 1386 humores
773 1354 824 1387 ibi
832 1356 963 1391 cfauſos
973 1359 1018 1394 &
1034 1361 1275 1400 inuiſcatos.
1247 1357 1284 1415 In
1294 1369 1384 1415 ꝗbus

114 1385 313 1422 eliſſoluẽdis
321 1400 438 1427 natura
449 1385 576 1436 deficit.
600 1397 680 1432 Vnde
689 1394 864 1445 Galienus.
880 1404 976 1439 Vrina
993 1406 1107 1453 inquit
1124 1411 1255 1457 aquoſa
1274 1414 1294 1449 &
1318 1414 1382 1450 ſub

116 1432 185 1466 tilis
205 1432 392 1487 cruditatem
411 1438 432 1472 &
455 1437 652 1475 defectionẽ
660 1444 867 1481 demonſtrat
874 1448 944 1483 acti
949 1454 1037 1485 onis.
1044 1454 1084 1489 Et
1093 1456 1160 1490 hoc
1167 1458 1307 1494 duobus
1319 1473 1382 1496 mo

114 1478 182 1511 dis.
215 1481 360 1525 quedam
370 1485 424 1517 enĩ
433 1486 499 1518 exit
509 1485 639 1521 ſubtilis
650 1488 704 1523 ſed
714 1492 753 1524 cũ
762 1495 876 1528 exierit
883 1496 920 1528 in
929 1495 1007 1532 vaſe
1024 1500 1296 1547 ingroſſeſcit.
1265 1491 1300 1551 Et
1312 1519 1388 1556 que

114 1523 196 1562 dam
205 1527 273 1563 exit
281 1526 411 1563 ſubtilis
420 1531 465 1566 &
473 1541 648 1581 permanet
657 1535 842 1580 ſubtilis:
811 1531 843 1585 yt
850 1538 939 1578 infra
947 1542 1111 1591 dicemus.

585 1635 880 1701 Queſtiones,

112 1726 185 1762 Hic
193 1730 250 1764 aũt
259 1734 402 1778 queritur
410 1740 592 1782 quomodo
602 1744 783 1790 accipiatur
790 1747 846 1781 hic
854 1747 980 1793 liquor.
986 1750 1046 1786 Ad
1064 1753 1132 1787 hoc
1148 1754 1331 1792 dicendum
1342 1769 1377 1805 h

110 1772 238 1818 dupleꝶ
244 1780 288 1811 eſt
296 1781 393 1828 loqui
403 1785 444 1828 de
454 1783 736 1833 ſubſtantia.
674 1779 728 1843 Vno
747 1793 802 1827 enĩ
813 1794 923 1828 modo
934 1797 1026 1832 idem
1044 1801 1091 1833 eſt
1097 1798 1116 1851 ꝙ
1145 1811 1191 1835 res
1208 1813 1267 1851 per
1283 1804 1314 1838 ſe
1322 1807 1377 1849 exi

110 1818 259 1856 ſtens:
234 1818 246 1884 &
269 1822 313 1857 ſie
320 1837 393 1860 non
402 1833 527 1878 accipit᷑
535 1833 590 1868 hie
597 1836 713 1880 liquor
720 1869 726 1880 ꝓ
766 1838 951 1875 ſubſtantia
960 1845 1065 1879 vrine.
1072 1842 1160 1881 Alio
1179 1851 1289 1884 modo
1306 1854 1378 1888 acei

108 1864 167 1910 pit᷑
176 1862 362 1904 ſubſtantia
372 1873 464 1912 ſcdm
476 1890 508 1921 q
519 1880 565 1923 eſt
573 1882 684 1925 paſſio
695 1884 747 1917 vel
758 1883 837 1919 ſitus
846 1889 955 1932 partiũ
966 1891 1002 1923 in
1012 1900 1100 1926 toto:
1117 1906 1169 1940 que
1186 1897 1297 1943 paſſio
1316 1908 1378 1945 par

108 1911 194 1945 tium
205 1915 360 1949 conſiſtit
369 1918 406 1950 in
415 1925 716 1968 raritate:
571 1921 619 1981 den
624 1925 716 1968 ſitate:
747 1930 896 1966 claritate:
917 1921 1115 1981 turbulentiat
1130 1940 1217 1974 ſubti
1227 1944 1325 1978 litate:
1344 1946 1376 1981 &

108 1957 371 2003 groſſĩtudie:
346 1957 366 2010 &
380 1965 447 1999 hoc
457 1969 565 2002 modo
573 1974 700 2020 accipit᷑
707 1975 764 2010 hic
772 1977 885 2024 liquor
894 1991 926 2026 ꝓ
938 1981 1122 2021 ſubſtantia
1133 1989 1286 2025 yrine.
1254 1970 1289 2026 Et
1295 2003 1375 2025 cum

107 2005 219 2048 queriẽ
226 2011 409 2052 quomodlo
419 2012 581 2048 differunt
589 2015 706 2054 ſubtile
730 2023 748 2058 &
767 2026 868 2060 clarũ:
899 2029 1024 2064 groſſum
1035 2033 1080 2068 &
1091 2031 1265 2070 turbidum.
1293 2037 1376 2072 Dicẽ

108 2049 191 2084 dum
200 2054 230 2085 eſt
256 2065 289 2099 ꝙ
299 2056 435 2092 differũt
443 2058 528 2095 ſicut
535 2061 596 2095 diſſ
588 2073 678 2109 Pata.
686 2069 816 2105 Subtile
825 2066 881 2106 eni
894 2073 987 2113 ſcdii
1000 2078 1217 2115 Auicennam
1227 2082 1374 2115 eſtcuius

108 2103 216 2141 Partes
228 2101 299 2136 ſunt
311 2101 372 2168 rare
393 2105 412 2144 &
432 2117 507 2143 non
518 2101 724 2168 corpulente.
743 2101 826 2168 Clarũ
846 2130 924 2158 yero
934 2122 980 2156 eſt
986 2126 1079 2164 cuius
1096 2136 1203 2173 partes
1212 2125 1301 2166 viſus
1318 2137 1369 2175 po

373 2154 377 2156 g
846 2162 860 2168 5
980 2170 985 2173 a
1214 2173 1252 2212 D
1269 2174 1322 2210 iii

1435 1024 1602 1070 Aquoſus
1683 1033 1736 1054 —

1410 1074 1455 1112 &
1466 1070 1600 1110 ſubtilis

1433 1215 1620 1260 n
1634 1235 1685 1274 vn
1704 1219 1774 1271 12

1467 1276 1564 1316 (ere
