<?xml version="1.0" encoding="UTF-8"?>
<pc:PcGts xmlns:pc="http://schema.primaresearch.org/PAGE/gts/pagecontent/2019-07-15" xmlns:xsi="http://www.w3.org/2001/XMLSchema-instance" xsi:schemaLocation="http://schema.primaresearch.org/PAGE/gts/pagecontent/2019-07-15 http://schema.primaresearch.org/PAGE/gts/pagecontent/2019-07-15/pagecontent.xsd" pcGtsId="OCR-D-OCR_0003">
    <pc:Metadata>
        <pc:Creator>OCR-D/core 2.71.0</pc:Creator>
        <pc:Created>2025-04-10T09:53:26.280868</pc:Created>
        <pc:LastChange>2025-04-10T09:53:26.280868</pc:LastChange>
        <pc:MetadataItem type="processingStep" name="layout/segmentation/region" value="ocrd-tesserocr-recognize">
            <pc:Labels externalModel="ocrd-tool" externalId="parameters">
                <pc:Label value="region" type="segmentation_level"/>
                <pc:Label value="word" type="textequiv_level"/>
                <pc:Label value="True" type="find_tables"/>
                <pc:Label value="frak2021" type="model"/>
                <pc:Label value="0" type="dpi"/>
                <pc:Label value="0" type="padding"/>
                <pc:Label value="False" type="overwrite_segments"/>
                <pc:Label value="True" type="overwrite_text"/>
                <pc:Label value="False" type="shrink_polygons"/>
                <pc:Label value="False" type="block_polygons"/>
                <pc:Label value="False" type="find_staves"/>
                <pc:Label value="False" type="sparse_text"/>
                <pc:Label value="False" type="raw_lines"/>
                <pc:Label value="" type="char_whitelist"/>
                <pc:Label value="" type="char_blacklist"/>
                <pc:Label value="" type="char_unblacklist"/>
                <pc:Label value="{}" type="tesseract_parameters"/>
                <pc:Label value="{}" type="xpath_parameters"/>
                <pc:Label value="{}" type="xpath_model"/>
                <pc:Label value="False" type="auto_model"/>
                <pc:Label value="DEFAULT" type="oem"/>
            </pc:Labels>
            <pc:Labels externalModel="ocrd-tool" externalId="version">
                <pc:Label value="0.19.1 (tesseract 5.4.1)" type="ocrd-tesserocr-recognize"/>
                <pc:Label value="2.71.0" type="ocrd/core"/>
            </pc:Labels>
        </pc:MetadataItem>
    </pc:Metadata>
    <pc:Page imageFilename="GT-PAGE/pinder_epiphanie_1506_0041.tif" imageWidth="1900" imageHeight="2700">
        <pc:AlternativeImage filename="OCR-D-OCR/OCR-D-OCR_0003.IMG-BIN.png" comments=",binarized,clipped"/>
        <pc:ReadingOrder>
            <pc:OrderedGroup id="reading-order">
                <pc:RegionRefIndexed index="0" regionRef="region0000"/>
                <pc:RegionRefIndexed index="1" regionRef="region0001"/>
                <pc:RegionRefIndexed index="2" regionRef="region0002"/>
                <pc:RegionRefIndexed index="3" regionRef="region0003"/>
                <pc:RegionRefIndexed index="4" regionRef="region0004"/>
                <pc:RegionRefIndexed index="5" regionRef="region0005"/>
                <pc:RegionRefIndexed index="6" regionRef="region0006"/>
                <pc:RegionRefIndexed index="7" regionRef="region0007"/>
                <pc:RegionRefIndexed index="8" regionRef="region0008"/>
            </pc:OrderedGroup>
        </pc:ReadingOrder>
        <pc:TextRegion id="region0000" orientation="-0.863078178170156" readingDirection="left-to-right" textLineOrder="top-to-bottom">
            <pc:Coords points="131,228 1409,228 1409,409 131,409"/>
            <pc:TextLine id="region0000_line0000">
                <pc:Coords points="260,228 1344,228 1344,291 260,291"/>
                <pc:Word id="region0000_line0000_word0000">
                    <pc:Coords points="260,228 318,228 318,278 260,278"/>
                    <pc:TextEquiv conf="0.930046157836914">
                        <pc:Unicode>de</pc:Unicode>
                    </pc:TextEquiv>
                </pc:Word>
                <pc:Word id="region0000_line0000_word0001">
                    <pc:Coords points="332,229 467,229 467,286 332,286"/>
                    <pc:TextEquiv conf="0.88977897644043">
                        <pc:Unicode>yrinis</pc:Unicode>
                    </pc:TextEquiv>
                </pc:Word>
                <pc:Word id="region0000_line0000_word0002">
                    <pc:Coords points="600,254 604,254 604,257 600,257"/>
                    <pc:TextEquiv conf="0.">
                        <pc:Unicode>b</pc:Unicode>
                    </pc:TextEquiv>
                </pc:Word>
                <pc:Word id="region0000_line0000_word0003">
                    <pc:Coords points="743,231 823,231 823,283 743,283"/>
                    <pc:TextEquiv conf="0.803105545043945">
                        <pc:Unicode>fo.</pc:Unicode>
                    </pc:TextEquiv>
                </pc:Word>
                <pc:Word id="region0000_line0000_word0004">
                    <pc:Coords points="1252,239 1344,239 1344,291 1252,291"/>
                    <pc:TextEquiv conf="0.95056037902832">
                        <pc:Unicode>XX</pc:Unicode>
                    </pc:TextEquiv>
                </pc:Word>
                <pc:TextEquiv conf="0.914698211669922">
                    <pc:Unicode>de yrinis b fo. XX</pc:Unicode>
                </pc:TextEquiv>
            </pc:TextLine>
            <pc:TextLine id="region0000_line0001">
                <pc:Coords points="144,300 1409,300 1409,364 144,364"/>
                <pc:Word id="region0000_line0001_word0000">
                    <pc:Coords points="144,302 243,302 243,340 144,340"/>
                    <pc:TextEquiv conf="0.918987884521484">
                        <pc:Unicode>vrina</pc:Unicode>
                    </pc:TextEquiv>
                </pc:Word>
                <pc:Word id="region0000_line0001_word0001">
                    <pc:Coords points="253,303 404,303 404,341 253,341"/>
                    <pc:TextEquiv conf="0.892600708007813">
                        <pc:Unicode>virtutem</pc:Unicode>
                    </pc:TextEquiv>
                </pc:Word>
                <pc:Word id="region0000_line0001_word0002">
                    <pc:Coords points="410,300 591,300 591,352 410,352"/>
                    <pc:TextEquiv conf="0.922629852294922">
                        <pc:Unicode>ſignificat</pc:Unicode>
                    </pc:TextEquiv>
                </pc:Word>
                <pc:Word id="region0000_line0001_word0003">
                    <pc:Coords points="600,306 837,306 837,354 600,354"/>
                    <pc:TextEquiv conf="0.833896865844727">
                        <pc:Unicode>digeſtiõis:</pc:Unicode>
                    </pc:TextEquiv>
                </pc:Word>
                <pc:Word id="region0000_line0001_word0004">
                    <pc:Coords points="836,300 818,300 818,364 836,364"/>
                    <pc:TextEquiv conf="0.932989654541016">
                        <pc:Unicode>&amp;</pc:Unicode>
                    </pc:TextEquiv>
                </pc:Word>
                <pc:Word id="region0000_line0001_word0005">
                    <pc:Coords points="847,311 1121,311 1121,358 847,358"/>
                    <pc:TextEquiv conf="0.762649383544922">
                        <pc:Unicode>appropinquare</pc:Unicode>
                    </pc:TextEquiv>
                </pc:Word>
                <pc:Word id="region0000_line0001_word0006">
                    <pc:Coords points="1129,316 1173,316 1173,349 1129,349"/>
                    <pc:TextEquiv conf="0.930384521484375">
                        <pc:Unicode>ad</pc:Unicode>
                    </pc:TextEquiv>
                </pc:Word>
                <pc:Word id="region0000_line0001_word0007">
                    <pc:Coords points="1190,319 1409,319 1409,364 1190,364"/>
                    <pc:TextEquiv conf="0.917993316650391">
                        <pc:Unicode>complemen</pc:Unicode>
                    </pc:TextEquiv>
                </pc:Word>
                <pc:TextEquiv conf="0.889016523361206">
                    <pc:Unicode>vrina virtutem ſignificat digeſtiõis: &amp; appropinquare ad complemen</pc:Unicode>
                </pc:TextEquiv>
            </pc:TextLine>
            <pc:TextLine id="region0000_line0002">
                <pc:Coords points="131,348 1408,348 1408,409 131,409"/>
                <pc:Word id="region0000_line0002_word0000">
                    <pc:Coords points="131,358 217,358 217,387 131,387"/>
                    <pc:TextEquiv conf="0.925075531005859">
                        <pc:Unicode>tum</pc:Unicode>
                    </pc:TextEquiv>
                </pc:Word>
                <pc:Word id="region0000_line0002_word0001">
                    <pc:Coords points="229,348 289,348 289,383 229,383"/>
                    <pc:TextEquiv conf="0.909110565185547">
                        <pc:Unicode>ſui.</pc:Unicode>
                    </pc:TextEquiv>
                </pc:Word>
                <pc:Word id="region0000_line0002_word0002">
                    <pc:Coords points="297,350 441,350 441,384 297,384"/>
                    <pc:TextEquiv conf="0.905615234375">
                        <pc:Unicode>Albedo</pc:Unicode>
                    </pc:TextEquiv>
                </pc:Word>
                <pc:Word id="region0000_line0002_word0003">
                    <pc:Coords points="450,361 530,361 530,390 450,390"/>
                    <pc:TextEquiv conf="0.890884399414062">
                        <pc:Unicode>yero</pc:Unicode>
                    </pc:TextEquiv>
                </pc:Word>
                <pc:Word id="region0000_line0002_word0004">
                    <pc:Coords points="541,353 731,353 731,388 541,388"/>
                    <pc:TextEquiv conf="0.912828979492188">
                        <pc:Unicode>cruditatem</pc:Unicode>
                    </pc:TextEquiv>
                </pc:Word>
                <pc:Word id="region0000_line0002_word0005">
                    <pc:Coords points="741,356 783,356 783,390 741,390"/>
                    <pc:TextEquiv conf="0.966609344482422">
                        <pc:Unicode>&amp;</pc:Unicode>
                    </pc:TextEquiv>
                </pc:Word>
                <pc:Word id="region0000_line0002_word0006">
                    <pc:Coords points="795,352 1068,352 1068,407 795,407"/>
                    <pc:TextEquiv conf="0.873642044067383">
                        <pc:Unicode>groſſitudinem:</pc:Unicode>
                    </pc:TextEquiv>
                </pc:Word>
                <pc:Word id="region0000_line0002_word0007">
                    <pc:Coords points="1088,361 1117,361 1117,395 1088,395"/>
                    <pc:TextEquiv conf="0.96714225769043">
                        <pc:Unicode>&amp;</pc:Unicode>
                    </pc:TextEquiv>
                </pc:Word>
                <pc:Word id="region0000_line0002_word0008">
                    <pc:Coords points="1125,363 1309,363 1309,409 1125,409"/>
                    <pc:TextEquiv conf="0.497555503845215">
                        <pc:Unicode>dligeſtioni</pc:Unicode>
                    </pc:TextEquiv>
                </pc:Word>
                <pc:Word id="region0000_line0002_word0009">
                    <pc:Coords points="1326,366 1408,366 1408,400 1326,400"/>
                    <pc:TextEquiv conf="0.924877700805664">
                        <pc:Unicode>abla</pc:Unicode>
                    </pc:TextEquiv>
                </pc:Word>
                <pc:TextEquiv conf="0.877334156036377">
                    <pc:Unicode>tum ſui. Albedo yero cruditatem &amp; groſſitudinem: &amp; dligeſtioni abla</pc:Unicode>
                </pc:TextEquiv>
            </pc:TextLine>
            <pc:TextEquiv conf="0.893682963689168">
                <pc:Unicode>de yrinis b fo. XX
vrina virtutem ſignificat digeſtiõis: &amp; appropinquare ad complemen
tum ſui. Albedo yero cruditatem &amp; groſſitudinem: &amp; dligeſtioni abla</pc:Unicode>
            </pc:TextEquiv>
        </pc:TextRegion>
        <pc:TextRegion id="region0001" orientation="-0.863078178170156" type="floating" readingDirection="left-to-right" textLineOrder="top-to-bottom">
            <pc:Coords points="128,396 1432,396 1432,450 128,450"/>
            <pc:TextLine id="region0001_line0000">
                <pc:Coords points="128,396 1432,396 1432,450 128,450"/>
                <pc:Word id="region0001_line0000_word0000">
                    <pc:Coords points="128,396 275,396 275,429 128,429"/>
                    <pc:TextEquiv conf="0.917835464477539">
                        <pc:Unicode>tionem:</pc:Unicode>
                    </pc:TextEquiv>
                </pc:Word>
                <pc:Word id="region0001_line0000_word0001">
                    <pc:Coords points="282,396 392,396 392,441 282,441"/>
                    <pc:TextEquiv conf="0.930506286621094">
                        <pc:Unicode>quod</pc:Unicode>
                    </pc:TextEquiv>
                </pc:Word>
                <pc:Word id="region0001_line0000_word0002">
                    <pc:Coords points="400,397 615,397 615,444 400,444"/>
                    <pc:TextEquiv conf="0.626902694702148">
                        <pc:Unicode>impoſſibile</pc:Unicode>
                    </pc:TextEquiv>
                </pc:Word>
                <pc:Word id="region0001_line0000_word0003">
                    <pc:Coords points="623,400 669,400 669,432 623,432"/>
                    <pc:TextEquiv conf="0.909327621459961">
                        <pc:Unicode>eſt</pc:Unicode>
                    </pc:TextEquiv>
                </pc:Word>
                <pc:Word id="region0001_line0000_word0004">
                    <pc:Coords points="678,399 777,399 777,434 678,434"/>
                    <pc:TextEquiv conf="0.901851119995117">
                        <pc:Unicode>ſimul</pc:Unicode>
                    </pc:TextEquiv>
                </pc:Word>
                <pc:Word id="region0001_line0000_word0005">
                    <pc:Coords points="786,403 957,403 957,450 786,450"/>
                    <pc:TextEquiv conf="0.331964492797852">
                        <pc:Unicode>toniungi</pc:Unicode>
                    </pc:TextEquiv>
                </pc:Word>
                <pc:Word id="region0001_line0000_word0006">
                    <pc:Coords points="967,404 1032,404 1032,439 967,439"/>
                    <pc:TextEquiv conf="0.866153411865234">
                        <pc:Unicode>niſi</pc:Unicode>
                    </pc:TextEquiv>
                </pc:Word>
                <pc:Word id="region0001_line0000_word0007">
                    <pc:Coords points="1043,404 1136,404 1136,443 1043,443"/>
                    <pc:TextEquiv conf="0.472979278564453">
                        <pc:Unicode>ſcdin</pc:Unicode>
                    </pc:TextEquiv>
                </pc:Word>
                <pc:Word id="region0001_line0000_word0008">
                    <pc:Coords points="1146,410 1351,410 1351,447 1146,447"/>
                    <pc:TextEquiv conf="0.">
                        <pc:Unicode>yVicinitatem</pc:Unicode>
                    </pc:TextEquiv>
                </pc:Word>
                <pc:Word id="region0001_line0000_word0009">
                    <pc:Coords points="1362,410 1432,410 1432,447 1362,447"/>
                    <pc:TextEquiv conf="0.433673629760742">
                        <pc:Unicode>&amp;</pc:Unicode>
                    </pc:TextEquiv>
                </pc:Word>
                <pc:TextEquiv conf="0.739119400024414">
                    <pc:Unicode>tionem: quod impoſſibile eſt ſimul toniungi niſi ſcdin yVicinitatem &amp;</pc:Unicode>
                </pc:TextEquiv>
            </pc:TextLine>
            <pc:TextEquiv conf="0.739119400024414">
                <pc:Unicode>tionem: quod impoſſibile eſt ſimul toniungi niſi ſcdin yVicinitatem &amp;</pc:Unicode>
            </pc:TextEquiv>
        </pc:TextRegion>
        <pc:TextRegion id="region0002" orientation="-0.863078178170156" readingDirection="left-to-right" textLineOrder="top-to-bottom">
            <pc:Coords points="127,440 1409,440 1409,769 127,769"/>
            <pc:TextLine id="region0002_line0000">
                <pc:Coords points="140,440 1409,440 1409,500 140,500"/>
                <pc:Word id="region0002_line0000_word0000">
                    <pc:Coords points="140,450 217,450 217,474 140,474"/>
                    <pc:TextEquiv conf="0.932326202392578">
                        <pc:Unicode>non</pc:Unicode>
                    </pc:TextEquiv>
                </pc:Word>
                <pc:Word id="region0002_line0000_word0001">
                    <pc:Coords points="231,440 325,440 325,479 231,479"/>
                    <pc:TextEquiv conf="0.452770538330078">
                        <pc:Unicode>ſedim</pc:Unicode>
                    </pc:TextEquiv>
                </pc:Word>
                <pc:Word id="region0002_line0000_word0002">
                    <pc:Coords points="336,441 561,441 561,476 336,476"/>
                    <pc:TextEquiv conf="0.">
                        <pc:Unicode>cõmixtionc᷑.</pc:Unicode>
                    </pc:TextEquiv>
                </pc:Word>
                <pc:Word id="region0002_line0000_word0003">
                    <pc:Coords points="568,445 661,445 661,480 568,480"/>
                    <pc:TextEquiv conf="0.931024017333984">
                        <pc:Unicode>Sicut</pc:Unicode>
                    </pc:TextEquiv>
                </pc:Word>
                <pc:Word id="region0002_line0000_word0004">
                    <pc:Coords points="669,446 809,446 809,490 669,490"/>
                    <pc:TextEquiv conf="0.925522232055664">
                        <pc:Unicode>quidam</pc:Unicode>
                    </pc:TextEquiv>
                </pc:Word>
                <pc:Word id="region0002_line0000_word0005">
                    <pc:Coords points="828,449 952,449 952,482 828,482"/>
                    <pc:TextEquiv conf="0.917309646606445">
                        <pc:Unicode>medici</pc:Unicode>
                    </pc:TextEquiv>
                </pc:Word>
                <pc:Word id="region0002_line0000_word0006">
                    <pc:Coords points="960,451 1064,451 1064,484 960,484"/>
                    <pc:TextEquiv conf="0.896037673950195">
                        <pc:Unicode>dicũt.</pc:Unicode>
                    </pc:TextEquiv>
                </pc:Word>
                <pc:Word id="region0002_line0000_word0007">
                    <pc:Coords points="1079,453 1284,453 1284,500 1079,500"/>
                    <pc:TextEquiv conf="0.901255340576172">
                        <pc:Unicode>Aliquando</pc:Unicode>
                    </pc:TextEquiv>
                </pc:Word>
                <pc:Word id="region0002_line0000_word0008">
                    <pc:Coords points="1295,459 1331,459 1331,490 1295,490"/>
                    <pc:TextEquiv conf="0.968998641967773">
                        <pc:Unicode>in</pc:Unicode>
                    </pc:TextEquiv>
                </pc:Word>
                <pc:Word id="region0002_line0000_word0009">
                    <pc:Coords points="1350,467 1409,467 1409,492 1350,492"/>
                    <pc:TextEquiv conf="0.965566711425781">
                        <pc:Unicode>cor</pc:Unicode>
                    </pc:TextEquiv>
                </pc:Word>
                <pc:TextEquiv conf="0.889081100463867">
                    <pc:Unicode>non ſedim cõmixtionc᷑. Sicut quidam medici dicũt. Aliquando in cor</pc:Unicode>
                </pc:TextEquiv>
            </pc:TextLine>
            <pc:TextLine id="region0002_line0001">
                <pc:Coords points="127,488 1408,488 1408,547 127,547"/>
                <pc:Word id="region0002_line0001_word0000">
                    <pc:Coords points="127,496 226,496 226,532 127,532"/>
                    <pc:TextEquiv conf="0.799499435424805">
                        <pc:Unicode>pore</pc:Unicode>
                    </pc:TextEquiv>
                </pc:Word>
                <pc:Word id="region0002_line0001_word0001">
                    <pc:Coords points="235,488 450,488 450,520 235,520"/>
                    <pc:TextEquiv conf="0.892718963623047">
                        <pc:Unicode>humiditates</pc:Unicode>
                    </pc:TextEquiv>
                </pc:Word>
                <pc:Word id="region0002_line0001_word0002">
                    <pc:Coords points="457,489 615,489 615,522 457,522"/>
                    <pc:TextEquiv conf="0.922383270263672">
                        <pc:Unicode>adunant᷑</pc:Unicode>
                    </pc:TextEquiv>
                </pc:Word>
                <pc:Word id="region0002_line0001_word0003">
                    <pc:Coords points="624,491 723,491 723,524 624,524"/>
                    <pc:TextEquiv conf="0.870031433105469">
                        <pc:Unicode>crude</pc:Unicode>
                    </pc:TextEquiv>
                </pc:Word>
                <pc:Word id="region0002_line0001_word0004">
                    <pc:Coords points="732,491 774,491 774,525 732,525"/>
                    <pc:TextEquiv conf="0.932546691894531">
                        <pc:Unicode>de</pc:Unicode>
                    </pc:TextEquiv>
                </pc:Word>
                <pc:Word id="region0002_line0001_word0005">
                    <pc:Coords points="782,493 925,493 925,526 782,526"/>
                    <pc:TextEquiv conf="0.89734992980957">
                        <pc:Unicode>flematis</pc:Unicode>
                    </pc:TextEquiv>
                </pc:Word>
                <pc:Word id="region0002_line0001_word0006">
                    <pc:Coords points="943,505 1061,505 1061,542 943,542"/>
                    <pc:TextEquiv conf="0.933059387207031">
                        <pc:Unicode>genere</pc:Unicode>
                    </pc:TextEquiv>
                </pc:Word>
                <pc:Word id="region0002_line0001_word0007">
                    <pc:Coords points="1070,509 1154,509 1154,542 1070,542"/>
                    <pc:TextEquiv conf="0.919009552001953">
                        <pc:Unicode>quas</pc:Unicode>
                    </pc:TextEquiv>
                </pc:Word>
                <pc:Word id="region0002_line0001_word0008">
                    <pc:Coords points="1172,503 1310,503 1310,547 1172,547"/>
                    <pc:TextEquiv conf="0.887926025390625">
                        <pc:Unicode>expellit</pc:Unicode>
                    </pc:TextEquiv>
                </pc:Word>
                <pc:Word id="region0002_line0001_word0009">
                    <pc:Coords points="1324,510 1408,510 1408,543 1324,543"/>
                    <pc:TextEquiv conf="0.931212463378906">
                        <pc:Unicode>natu</pc:Unicode>
                    </pc:TextEquiv>
                </pc:Word>
                <pc:TextEquiv conf="0.898573715209961">
                    <pc:Unicode>pore humiditates adunant᷑ crude de flematis genere quas expellit natu</pc:Unicode>
                </pc:TextEquiv>
            </pc:TextLine>
            <pc:TextLine id="region0002_line0002">
                <pc:Coords points="140,532 1408,532 1408,584 140,584"/>
                <pc:Word id="region0002_line0002_word0000">
                    <pc:Coords points="140,541 177,541 177,566 140,566"/>
                    <pc:TextEquiv conf="0.950977554321289">
                        <pc:Unicode>ra</pc:Unicode>
                    </pc:TextEquiv>
                </pc:Word>
                <pc:Word id="region0002_line0002_word0001">
                    <pc:Coords points="186,543 260,543 260,566 186,566"/>
                    <pc:TextEquiv conf="0.853572845458984">
                        <pc:Unicode>cum</pc:Unicode>
                    </pc:TextEquiv>
                </pc:Word>
                <pc:Word id="region0002_line0002_word0002">
                    <pc:Coords points="271,532 371,532 371,565 271,565"/>
                    <pc:TextEquiv conf="0.42681755065918">
                        <pc:Unicode>tubea</pc:Unicode>
                    </pc:TextEquiv>
                </pc:Word>
                <pc:Word id="region0002_line0002_word0003">
                    <pc:Coords points="383,533 491,533 491,570 383,570"/>
                    <pc:TextEquiv conf="0.786601638793945">
                        <pc:Unicode>yrina:</pc:Unicode>
                    </pc:TextEquiv>
                </pc:Word>
                <pc:Word id="region0002_line0002_word0004">
                    <pc:Coords points="641,532 506,532 506,584 641,584"/>
                    <pc:TextEquiv conf="0.786601638793945">
                        <pc:Unicode>mixtiſq;</pc:Unicode>
                    </pc:TextEquiv>
                </pc:Word>
                <pc:Word id="region0002_line0002_word0005">
                    <pc:Coords points="652,537 688,537 688,569 652,569"/>
                    <pc:TextEquiv conf="0.933058090209961">
                        <pc:Unicode>in</pc:Unicode>
                    </pc:TextEquiv>
                </pc:Word>
                <pc:Word id="region0002_line0002_word0006">
                    <pc:Coords points="699,536 800,536 800,572 699,572"/>
                    <pc:TextEquiv conf="0.911816329956055">
                        <pc:Unicode>ſimul</pc:Unicode>
                    </pc:TextEquiv>
                </pc:Word>
                <pc:Word id="region0002_line0002_word0007">
                    <pc:Coords points="809,540 906,540 906,573 809,573"/>
                    <pc:TextEquiv conf="0.952074966430664">
                        <pc:Unicode>color</pc:Unicode>
                    </pc:TextEquiv>
                </pc:Word>
                <pc:Word id="region0002_line0002_word0008">
                    <pc:Coords points="914,541 951,541 951,574 914,574"/>
                    <pc:TextEquiv conf="0.92797981262207">
                        <pc:Unicode>in</pc:Unicode>
                    </pc:TextEquiv>
                </pc:Word>
                <pc:Word id="region0002_line0002_word0009">
                    <pc:Coords points="961,540 1091,540 1091,576 961,576"/>
                    <pc:TextEquiv conf="0.92797981262207">
                        <pc:Unicode>roſeum</pc:Unicode>
                    </pc:TextEquiv>
                </pc:Word>
                <pc:Word id="region0002_line0002_word0010">
                    <pc:Coords points="1224,532 1106,532 1106,584 1224,584"/>
                    <pc:TextEquiv conf="0.520448379516602">
                        <pc:Unicode>mutat᷑.</pc:Unicode>
                    </pc:TextEquiv>
                </pc:Word>
                <pc:Word id="region0002_line0002_word0011">
                    <pc:Coords points="1241,584 1408,584 1408,532 1241,532"/>
                    <pc:TextEquiv conf="0.520448379516602">
                        <pc:Unicode>Citrinitas</pc:Unicode>
                    </pc:TextEquiv>
                </pc:Word>
                <pc:TextEquiv conf="0.791531416575114">
                    <pc:Unicode>ra cum tubea yrina: mixtiſq; in ſimul color in roſeum mutat᷑. Citrinitas</pc:Unicode>
                </pc:TextEquiv>
            </pc:TextLine>
            <pc:TextLine id="region0002_line0003">
                <pc:Coords points="138,576 1407,576 1407,634 138,634"/>
                <pc:Word id="region0002_line0003_word0000">
                    <pc:Coords points="138,578 234,578 234,614 138,614"/>
                    <pc:TextEquiv conf="0.924543151855469">
                        <pc:Unicode>vrine</pc:Unicode>
                    </pc:TextEquiv>
                </pc:Word>
                <pc:Word id="region0002_line0003_word0001">
                    <pc:Coords points="246,576 463,576 463,613 246,613"/>
                    <pc:TextEquiv conf="0.910533599853516">
                        <pc:Unicode>ſubtilitatem</pc:Unicode>
                    </pc:TextEquiv>
                </pc:Word>
                <pc:Word id="region0002_line0003_word0002">
                    <pc:Coords points="475,581 519,581 519,616 475,616"/>
                    <pc:TextEquiv conf="0.932890625">
                        <pc:Unicode>&amp;</pc:Unicode>
                    </pc:TextEquiv>
                </pc:Word>
                <pc:Word id="region0002_line0003_word0003">
                    <pc:Coords points="529,582 662,582 662,616 529,616"/>
                    <pc:TextEquiv conf="0.922222442626953">
                        <pc:Unicode>leuitatẽ</pc:Unicode>
                    </pc:TextEquiv>
                </pc:Word>
                <pc:Word id="region0002_line0003_word0004">
                    <pc:Coords points="672,580 751,580 751,618 672,618"/>
                    <pc:TextEquiv conf="0.920591430664062">
                        <pc:Unicode>fecis</pc:Unicode>
                    </pc:TextEquiv>
                </pc:Word>
                <pc:Word id="region0002_line0003_word0005">
                    <pc:Coords points="761,586 857,586 857,622 761,622"/>
                    <pc:TextEquiv conf="0.886298141479492">
                        <pc:Unicode>yidet᷑</pc:Unicode>
                    </pc:TextEquiv>
                </pc:Word>
                <pc:Word id="region0002_line0003_word0006">
                    <pc:Coords points="875,584 1082,584 1082,634 875,634"/>
                    <pc:TextEquiv conf="0.876517181396484">
                        <pc:Unicode>ſignificare:</pc:Unicode>
                    </pc:TextEquiv>
                </pc:Word>
                <pc:Word id="region0002_line0003_word0007">
                    <pc:Coords points="1113,591 1135,591 1135,626 1113,626"/>
                    <pc:TextEquiv conf="0.931884613037109">
                        <pc:Unicode>&amp;</pc:Unicode>
                    </pc:TextEquiv>
                </pc:Word>
                <pc:Word id="region0002_line0003_word0008">
                    <pc:Coords points="1150,601 1303,601 1303,627 1150,627"/>
                    <pc:TextEquiv conf="0.923275756835938">
                        <pc:Unicode>naturam</pc:Unicode>
                    </pc:TextEquiv>
                </pc:Word>
                <pc:Word id="region0002_line0003_word0009">
                    <pc:Coords points="1320,596 1407,596 1407,629 1320,629"/>
                    <pc:TextEquiv conf="0.957201843261719">
                        <pc:Unicode>deco</pc:Unicode>
                    </pc:TextEquiv>
                </pc:Word>
                <pc:TextEquiv conf="0.918595878601074">
                    <pc:Unicode>vrine ſubtilitatem &amp; leuitatẽ fecis yidet᷑ ſignificare: &amp; naturam deco</pc:Unicode>
                </pc:TextEquiv>
            </pc:TextLine>
            <pc:TextLine id="region0002_line0004">
                <pc:Coords points="131,618 1405,618 1405,707 131,707"/>
                <pc:Word id="region0002_line0004_word0000">
                    <pc:Coords points="131,618 146,618 146,707 131,707"/>
                    <pc:TextEquiv conf="0.178970184326172">
                        <pc:Unicode>1</pc:Unicode>
                    </pc:TextEquiv>
                </pc:Word>
                <pc:Word id="region0002_line0004_word0001">
                    <pc:Coords points="244,624 480,624 480,670 244,670"/>
                    <pc:TextEquiv conf="0.874438323974609">
                        <pc:Unicode>incipientem.</pc:Unicode>
                    </pc:TextEquiv>
                </pc:Word>
                <pc:Word id="region0002_line0004_word0002">
                    <pc:Coords points="512,628 671,628 671,676 512,676"/>
                    <pc:TextEquiv conf="0.905762176513672">
                        <pc:Unicode>Nigredo</pc:Unicode>
                    </pc:TextEquiv>
                </pc:Word>
                <pc:Word id="region0002_line0004_word0003">
                    <pc:Coords points="683,631 776,631 776,670 683,670"/>
                    <pc:TextEquiv conf="0.926054458618164">
                        <pc:Unicode>yrine</pc:Unicode>
                    </pc:TextEquiv>
                </pc:Word>
                <pc:Word id="region0002_line0004_word0004">
                    <pc:Coords points="789,629 964,629 964,679 789,679"/>
                    <pc:TextEquiv conf="0.902143630981445">
                        <pc:Unicode>ſignificat</pc:Unicode>
                    </pc:TextEquiv>
                </pc:Word>
                <pc:Word id="region0002_line0004_word0005">
                    <pc:Coords points="971,635 1231,635 1231,681 971,681"/>
                    <pc:TextEquiv conf="0.832477188110352">
                        <pc:Unicode>groſſitudinem</pc:Unicode>
                    </pc:TextEquiv>
                </pc:Word>
                <pc:Word id="region0002_line0004_word0006">
                    <pc:Coords points="1242,640 1405,640 1405,675 1242,675"/>
                    <pc:TextEquiv conf="0.918876113891602">
                        <pc:Unicode>humorũ:</pc:Unicode>
                    </pc:TextEquiv>
                </pc:Word>
                <pc:TextEquiv conf="0.791246010916574">
                    <pc:Unicode>1 incipientem. Nigredo yrine ſignificat groſſitudinem humorũ:</pc:Unicode>
                </pc:TextEquiv>
            </pc:TextLine>
            <pc:TextLine id="region0002_line0005">
                <pc:Coords points="193,669 1405,669 1405,737 193,737"/>
                <pc:Word id="region0002_line0005_word0000">
                    <pc:Coords points="193,669 427,669 427,704 193,704"/>
                    <pc:TextEquiv conf="0.729158401489258">
                        <pc:Unicode>incenſionem</pc:Unicode>
                    </pc:TextEquiv>
                </pc:Word>
                <pc:Word id="region0002_line0005_word0001">
                    <pc:Coords points="437,675 615,675 615,712 437,712"/>
                    <pc:TextEquiv conf="0.7848388671875">
                        <pc:Unicode>eorum:</pc:Unicode>
                    </pc:TextEquiv>
                </pc:Word>
                <pc:Word id="region0002_line0005_word0002">
                    <pc:Coords points="584,730 601,730 601,669 584,669"/>
                    <pc:TextEquiv conf="0.9328076171875">
                        <pc:Unicode>&amp;</pc:Unicode>
                    </pc:TextEquiv>
                </pc:Word>
                <pc:Word id="region0002_line0005_word0003">
                    <pc:Coords points="623,677 803,677 803,726 623,726"/>
                    <pc:TextEquiv conf="0.901877212524414">
                        <pc:Unicode>pigriciem</pc:Unicode>
                    </pc:TextEquiv>
                </pc:Word>
                <pc:Word id="region0002_line0005_word0004">
                    <pc:Coords points="809,688 924,688 924,715 809,715"/>
                    <pc:TextEquiv conf="0.968810195922852">
                        <pc:Unicode>nature</pc:Unicode>
                    </pc:TextEquiv>
                </pc:Word>
                <pc:Word id="region0002_line0005_word0005">
                    <pc:Coords points="942,681 980,681 980,716 942,716"/>
                    <pc:TextEquiv conf="0.873180541992188">
                        <pc:Unicode>in</pc:Unicode>
                    </pc:TextEquiv>
                </pc:Word>
                <pc:Word id="region0002_line0005_word0006">
                    <pc:Coords points="987,680 1150,680 1150,719 987,719"/>
                    <pc:TextEquiv conf="0.873180541992188">
                        <pc:Unicode>coctione</pc:Unicode>
                    </pc:TextEquiv>
                </pc:Word>
                <pc:Word id="region0002_line0005_word0007">
                    <pc:Coords points="1159,684 1326,684 1326,732 1159,732"/>
                    <pc:TextEquiv conf="0.889998626708984">
                        <pc:Unicode>ipſorum:</pc:Unicode>
                    </pc:TextEquiv>
                </pc:Word>
                <pc:Word id="region0002_line0005_word0008">
                    <pc:Coords points="1337,697 1405,697 1405,737 1337,737"/>
                    <pc:TextEquiv conf="0.966495971679687">
                        <pc:Unicode>qua</pc:Unicode>
                    </pc:TextEquiv>
                </pc:Word>
                <pc:TextEquiv conf="0.880038664076063">
                    <pc:Unicode>incenſionem eorum: &amp; pigriciem nature in coctione ipſorum: qua</pc:Unicode>
                </pc:TextEquiv>
            </pc:TextLine>
            <pc:TextLine id="region0002_line0006">
                <pc:Coords points="135,720 812,720 812,769 135,769"/>
                <pc:Word id="region0002_line0006_word0000">
                    <pc:Coords points="135,724 272,724 272,763 135,763"/>
                    <pc:TextEquiv conf="0.711360168457031">
                        <pc:Unicode>Propter</pc:Unicode>
                    </pc:TextEquiv>
                </pc:Word>
                <pc:Word id="region0002_line0006_word0001">
                    <pc:Coords points="280,728 356,728 356,753 280,753"/>
                    <pc:TextEquiv conf="0.932919845581055">
                        <pc:Unicode>non</pc:Unicode>
                    </pc:TextEquiv>
                </pc:Word>
                <pc:Word id="region0002_line0006_word0002">
                    <pc:Coords points="365,720 622,720 622,769 365,769"/>
                    <pc:TextEquiv conf="0.92086051940918">
                        <pc:Unicode>coniunguntur</pc:Unicode>
                    </pc:TextEquiv>
                </pc:Word>
                <pc:Word id="region0002_line0006_word0003">
                    <pc:Coords points="630,722 668,722 668,757 630,757"/>
                    <pc:TextEquiv conf="0.904714584350586">
                        <pc:Unicode>in</pc:Unicode>
                    </pc:TextEquiv>
                </pc:Word>
                <pc:Word id="region0002_line0006_word0004">
                    <pc:Coords points="676,723 812,723 812,759 676,759"/>
                    <pc:TextEquiv conf="0.88049674987793">
                        <pc:Unicode>eodem.</pc:Unicode>
                    </pc:TextEquiv>
                </pc:Word>
                <pc:TextEquiv conf="0.870070373535156">
                    <pc:Unicode>Propter non coniunguntur in eodem.</pc:Unicode>
                </pc:TextEquiv>
            </pc:TextLine>
            <pc:TextEquiv conf="0.862733879911116">
                <pc:Unicode>non ſedim cõmixtionc᷑. Sicut quidam medici dicũt. Aliquando in cor
pore humiditates adunant᷑ crude de flematis genere quas expellit natu
ra cum tubea yrina: mixtiſq; in ſimul color in roſeum mutat᷑. Citrinitas
vrine ſubtilitatem &amp; leuitatẽ fecis yidet᷑ ſignificare: &amp; naturam deco
1 incipientem. Nigredo yrine ſignificat groſſitudinem humorũ:
incenſionem eorum: &amp; pigriciem nature in coctione ipſorum: qua
Propter non coniunguntur in eodem.</pc:Unicode>
            </pc:TextEquiv>
        </pc:TextRegion>
        <pc:TextRegion id="region0003" orientation="-0.863078178170156" readingDirection="left-to-right" textLineOrder="top-to-bottom">
            <pc:Coords points="129,818 162,818 162,833 129,833"/>
            <pc:TextLine id="region0003_line0000">
                <pc:Coords points="129,818 162,818 162,833 129,833"/>
                <pc:Word id="region0003_line0000_word0000">
                    <pc:Coords points="129,818 162,818 162,833 129,833"/>
                    <pc:TextEquiv conf="0.290266342163086">
                        <pc:Unicode>*</pc:Unicode>
                    </pc:TextEquiv>
                </pc:Word>
                <pc:TextEquiv conf="0.290266342163086">
                    <pc:Unicode>*</pc:Unicode>
                </pc:TextEquiv>
            </pc:TextLine>
            <pc:TextEquiv conf="0.290266342163086">
                <pc:Unicode>*</pc:Unicode>
            </pc:TextEquiv>
        </pc:TextRegion>
        <pc:TextRegion id="region0004" orientation="-0.863078178170156" readingDirection="left-to-right" textLineOrder="top-to-bottom">
            <pc:Coords points="605,832 1405,832 1405,906 605,906"/>
            <pc:TextLine id="region0004_line0000">
                <pc:Coords points="605,832 1405,832 1405,906 605,906"/>
                <pc:Word id="region0004_line0000_word0000">
                    <pc:Coords points="605,832 903,832 903,906 605,906"/>
                    <pc:TextEquiv conf="0.514068222045898">
                        <pc:Unicode>Queſtiones.</pc:Unicode>
                    </pc:TextEquiv>
                </pc:Word>
                <pc:Word id="region0004_line0000_word0001">
                    <pc:Coords points="1401,863 1405,863 1405,882 1401,882"/>
                    <pc:TextEquiv conf="0.">
                        <pc:Unicode>ö</pc:Unicode>
                    </pc:TextEquiv>
                </pc:Word>
                <pc:TextEquiv conf="0.757034111022949">
                    <pc:Unicode>Queſtiones. ö</pc:Unicode>
                </pc:TextEquiv>
            </pc:TextLine>
            <pc:TextEquiv conf="0.757034111022949">
                <pc:Unicode>Queſtiones. ö</pc:Unicode>
            </pc:TextEquiv>
        </pc:TextRegion>
        <pc:TextRegion id="region0005" orientation="-0.863078178170156" readingDirection="left-to-right" textLineOrder="top-to-bottom">
            <pc:Coords points="125,952 1403,952 1403,2083 125,2083"/>
            <pc:TextLine id="region0005_line0000">
                <pc:Coords points="465,952 1168,952 1168,980 465,980"/>
                <pc:Word id="region0005_line0000_word0000">
                    <pc:Coords points="465,961 468,961 468,965 465,965"/>
                    <pc:TextEquiv conf="0.369228286743164">
                        <pc:Unicode>8</pc:Unicode>
                    </pc:TextEquiv>
                </pc:Word>
                <pc:Word id="region0005_line0000_word0001">
                    <pc:Coords points="631,964 634,964 634,969 631,969"/>
                    <pc:TextEquiv conf="0.609144020080566">
                        <pc:Unicode>1</pc:Unicode>
                    </pc:TextEquiv>
                </pc:Word>
                <pc:Word id="region0005_line0000_word0002">
                    <pc:Coords points="658,952 720,952 720,964 658,964"/>
                    <pc:TextEquiv conf="0.479454345703125">
                        <pc:Unicode>8</pc:Unicode>
                    </pc:TextEquiv>
                </pc:Word>
                <pc:Word id="region0005_line0000_word0003">
                    <pc:Coords points="850,960 854,960 854,968 850,968"/>
                    <pc:TextEquiv conf="0.">
                        <pc:Unicode>5</pc:Unicode>
                    </pc:TextEquiv>
                </pc:Word>
                <pc:Word id="region0005_line0000_word0004">
                    <pc:Coords points="925,959 930,959 930,966 925,966"/>
                    <pc:TextEquiv conf="0.">
                        <pc:Unicode>K</pc:Unicode>
                    </pc:TextEquiv>
                </pc:Word>
                <pc:Word id="region0005_line0000_word0005">
                    <pc:Coords points="1161,970 1168,970 1168,980 1161,980"/>
                    <pc:TextEquiv conf="0.499533081054688">
                        <pc:Unicode>5</pc:Unicode>
                    </pc:TextEquiv>
                </pc:Word>
                <pc:TextEquiv conf="0.659559955596924">
                    <pc:Unicode>8 1 8 5 K 5</pc:Unicode>
                </pc:TextEquiv>
            </pc:TextLine>
            <pc:TextLine id="region0005_line0001">
                <pc:Coords points="130,961 1399,961 1399,1022 130,1022"/>
                <pc:Word id="region0005_line0001_word0000">
                    <pc:Coords points="130,961 195,961 195,999 130,999"/>
                    <pc:TextEquiv conf="0.735997009277344">
                        <pc:Unicode>Hic</pc:Unicode>
                    </pc:TextEquiv>
                </pc:Word>
                <pc:Word id="region0005_line0001_word0001">
                    <pc:Coords points="207,961 441,961 441,1012 207,1012"/>
                    <pc:TextEquiv conf="0.780748977661133">
                        <pc:Unicode>queritut</pc:Unicode>
                    </pc:TextEquiv>
                </pc:Word>
                <pc:Word id="region0005_line0001_word0002">
                    <pc:Coords points="437,961 367,961 367,1022 437,1022"/>
                    <pc:TextEquiv conf="0.933061676025391">
                        <pc:Unicode>quid</pc:Unicode>
                    </pc:TextEquiv>
                </pc:Word>
                <pc:Word id="region0005_line0001_word0003">
                    <pc:Coords points="451,966 540,966 540,1002 451,1002"/>
                    <pc:TextEquiv conf="0.925205993652344">
                        <pc:Unicode>dicat</pc:Unicode>
                    </pc:TextEquiv>
                </pc:Word>
                <pc:Word id="region0005_line0001_word0004">
                    <pc:Coords points="547,969 826,969 826,1015 547,1015"/>
                    <pc:TextEquiv conf="0.665355682373047">
                        <pc:Unicode>complexionem</pc:Unicode>
                    </pc:TextEquiv>
                </pc:Word>
                <pc:Word id="region0005_line0001_word0005">
                    <pc:Coords points="846,972 902,972 902,1007 846,1007"/>
                    <pc:TextEquiv conf="0.926386871337891">
                        <pc:Unicode>hic</pc:Unicode>
                    </pc:TextEquiv>
                </pc:Word>
                <pc:Word id="region0005_line0001_word0006">
                    <pc:Coords points="913,969 1006,969 1006,1017 913,1017"/>
                    <pc:TextEquiv conf="0.363874816894531">
                        <pc:Unicode>ſedm</pc:Unicode>
                    </pc:TextEquiv>
                </pc:Word>
                <pc:Word id="region0005_line0001_word0007">
                    <pc:Coords points="1022,973 1340,973 1340,1011 1022,1011"/>
                    <pc:TextEquiv conf="0.294110717773438">
                        <pc:Unicode>cõmĩixtionem.</pc:Unicode>
                    </pc:TextEquiv>
                </pc:Word>
                <pc:Word id="region0005_line0001_word0008">
                    <pc:Coords points="1334,961 1299,961 1299,1022 1334,1022"/>
                    <pc:TextEquiv conf="0.840449371337891">
                        <pc:Unicode>Et</pc:Unicode>
                    </pc:TextEquiv>
                </pc:Word>
                <pc:Word id="region0005_line0001_word0009">
                    <pc:Coords points="1350,974 1399,974 1399,1022 1350,1022"/>
                    <pc:TextEquiv conf="0.840449371337891">
                        <pc:Unicode>ꝗd</pc:Unicode>
                    </pc:TextEquiv>
                </pc:Word>
                <pc:TextEquiv conf="0.73056404876709">
                    <pc:Unicode>Hic queritut quid dicat complexionem hic ſedm cõmĩixtionem. Et ꝗd</pc:Unicode>
                </pc:TextEquiv>
            </pc:TextLine>
            <pc:TextLine id="region0005_line0002">
                <pc:Coords points="132,1012 1400,1012 1400,1068 132,1068"/>
                <pc:Word id="region0005_line0002_word0000">
                    <pc:Coords points="132,1012 383,1012 383,1057 132,1057"/>
                    <pc:TextEquiv conf="0.657334442138672">
                        <pc:Unicode>complexionẽ</pc:Unicode>
                    </pc:TextEquiv>
                </pc:Word>
                <pc:Word id="region0005_line0002_word0001">
                    <pc:Coords points="392,1012 485,1012 485,1051 392,1051"/>
                    <pc:TextEquiv conf="0.815025482177734">
                        <pc:Unicode>ſcdm</pc:Unicode>
                    </pc:TextEquiv>
                </pc:Word>
                <pc:Word id="region0005_line0002_word0002">
                    <pc:Coords points="495,1016 783,1016 783,1051 495,1051"/>
                    <pc:TextEquiv conf="0.895591888427734">
                        <pc:Unicode>vicinitatem.</pc:Unicode>
                    </pc:TextEquiv>
                </pc:Word>
                <pc:Word id="region0005_line0002_word0003">
                    <pc:Coords points="774,1012 736,1012 736,1068 774,1068"/>
                    <pc:TextEquiv conf="0.966323547363281">
                        <pc:Unicode>Ad</pc:Unicode>
                    </pc:TextEquiv>
                </pc:Word>
                <pc:Word id="region0005_line0002_word0004">
                    <pc:Coords points="792,1019 859,1019 859,1052 792,1052"/>
                    <pc:TextEquiv conf="0.928951263427734">
                        <pc:Unicode>hoc</pc:Unicode>
                    </pc:TextEquiv>
                </pc:Word>
                <pc:Word id="region0005_line0002_word0005">
                    <pc:Coords points="867,1020 1026,1020 1026,1054 867,1054"/>
                    <pc:TextEquiv conf="0.910271301269531">
                        <pc:Unicode>dicẽdum</pc:Unicode>
                    </pc:TextEquiv>
                </pc:Word>
                <pc:Word id="region0005_line0002_word0006">
                    <pc:Coords points="1042,1032 1075,1032 1075,1066 1042,1066"/>
                    <pc:TextEquiv conf="0.807893905639648">
                        <pc:Unicode>ꝙ</pc:Unicode>
                    </pc:TextEquiv>
                </pc:Word>
                <pc:Word id="region0005_line0002_word0007">
                    <pc:Coords points="1086,1022 1282,1022 1282,1068 1086,1068"/>
                    <pc:TextEquiv conf="0.867090454101562">
                        <pc:Unicode>complexio</pc:Unicode>
                    </pc:TextEquiv>
                </pc:Word>
                <pc:Word id="region0005_line0002_word0008">
                    <pc:Coords points="1303,1021 1400,1021 1400,1059 1303,1059"/>
                    <pc:TextEquiv conf="0.871287002563477">
                        <pc:Unicode>ſcdin</pc:Unicode>
                    </pc:TextEquiv>
                </pc:Word>
                <pc:TextEquiv conf="0.857752143012153">
                    <pc:Unicode>complexionẽ ſcdm vicinitatem. Ad hoc dicẽdum ꝙ complexio ſcdin</pc:Unicode>
                </pc:TextEquiv>
            </pc:TextLine>
            <pc:TextLine id="region0005_line0003">
                <pc:Coords points="129,1060 1400,1060 1400,1107 129,1107"/>
                <pc:Word id="region0005_line0003_word0000">
                    <pc:Coords points="129,1060 418,1060 418,1093 129,1093"/>
                    <pc:TextEquiv conf="0.888313446044922">
                        <pc:Unicode>commixtionem</pc:Unicode>
                    </pc:TextEquiv>
                </pc:Word>
                <pc:Word id="region0005_line0003_word0001">
                    <pc:Coords points="428,1062 582,1062 582,1107 428,1107"/>
                    <pc:TextEquiv conf="0.819360961914062">
                        <pc:Unicode>applicat᷑</pc:Unicode>
                    </pc:TextEquiv>
                </pc:Word>
                <pc:Word id="region0005_line0003_word0002">
                    <pc:Coords points="591,1064 706,1064 706,1107 591,1107"/>
                    <pc:TextEquiv conf="0.910992813110352">
                        <pc:Unicode>quãdo</pc:Unicode>
                    </pc:TextEquiv>
                </pc:Word>
                <pc:Word id="region0005_line0003_word0003">
                    <pc:Coords points="717,1064 874,1064 874,1099 717,1099"/>
                    <pc:TextEquiv conf="0.904061126708984">
                        <pc:Unicode>humores</pc:Unicode>
                    </pc:TextEquiv>
                </pc:Word>
                <pc:Word id="region0005_line0003_word0004">
                    <pc:Coords points="883,1066 1072,1066 1072,1103 883,1103"/>
                    <pc:TextEquiv conf="0.855841903686523">
                        <pc:Unicode>cõmiſcent᷑</pc:Unicode>
                    </pc:TextEquiv>
                </pc:Word>
                <pc:Word id="region0005_line0003_word0005">
                    <pc:Coords points="1091,1068 1285,1068 1285,1102 1091,1102"/>
                    <pc:TextEquiv conf="0.915349197387695">
                        <pc:Unicode>adinuicem</pc:Unicode>
                    </pc:TextEquiv>
                </pc:Word>
                <pc:Word id="region0005_line0003_word0006">
                    <pc:Coords points="1303,1066 1400,1066 1400,1105 1303,1105"/>
                    <pc:TextEquiv conf="0.251223831176758">
                        <pc:Unicode>ſcdm</pc:Unicode>
                    </pc:TextEquiv>
                </pc:Word>
                <pc:TextEquiv conf="0.792163325718471">
                    <pc:Unicode>commixtionem applicat᷑ quãdo humores cõmiſcent᷑ adinuicem ſcdm</pc:Unicode>
                </pc:TextEquiv>
            </pc:TextLine>
            <pc:TextLine id="region0005_line0004">
                <pc:Coords points="127,1101 1403,1101 1403,1166 127,1166"/>
                <pc:Word id="region0005_line0004_word0000">
                    <pc:Coords points="127,1101 184,1101 184,1137 127,1137"/>
                    <pc:TextEquiv conf="0.25411376953125">
                        <pc:Unicode>Jui</pc:Unicode>
                    </pc:TextEquiv>
                </pc:Word>
                <pc:Word id="region0005_line0004_word0001">
                    <pc:Coords points="194,1107 431,1107 431,1140 194,1140"/>
                    <pc:TextEquiv conf="0.919820251464844">
                        <pc:Unicode>conuenientiã</pc:Unicode>
                    </pc:TextEquiv>
                </pc:Word>
                <pc:Word id="region0005_line0004_word0002">
                    <pc:Coords points="441,1109 477,1109 477,1145 441,1145"/>
                    <pc:TextEquiv conf="0.968008193969727">
                        <pc:Unicode>in</pc:Unicode>
                    </pc:TextEquiv>
                </pc:Word>
                <pc:Word id="region0005_line0004_word0003">
                    <pc:Coords points="489,1109 763,1109 763,1153 489,1153"/>
                    <pc:TextEquiv conf="0.881527862548828">
                        <pc:Unicode>qualitatibus.</pc:Unicode>
                    </pc:TextEquiv>
                </pc:Word>
                <pc:Word id="region0005_line0004_word0004">
                    <pc:Coords points="727,1105 754,1105 754,1157 727,1157"/>
                    <pc:TextEquiv conf="0.932845306396484">
                        <pc:Unicode>Et</pc:Unicode>
                    </pc:TextEquiv>
                </pc:Word>
                <pc:Word id="region0005_line0004_word0005">
                    <pc:Coords points="778,1112 852,1112 852,1145 778,1145"/>
                    <pc:TextEquiv conf="0.906403274536133">
                        <pc:Unicode>talis</pc:Unicode>
                    </pc:TextEquiv>
                </pc:Word>
                <pc:Word id="region0005_line0004_word0006">
                    <pc:Coords points="862,1110 904,1110 904,1146 862,1146"/>
                    <pc:TextEquiv conf="0.96946533203125">
                        <pc:Unicode>fit</pc:Unicode>
                    </pc:TextEquiv>
                </pc:Word>
                <pc:Word id="region0005_line0004_word0007">
                    <pc:Coords points="915,1113 951,1113 951,1146 915,1146"/>
                    <pc:TextEquiv conf="0.968300323486328">
                        <pc:Unicode>in</pc:Unicode>
                    </pc:TextEquiv>
                </pc:Word>
                <pc:Word id="region0005_line0004_word0008">
                    <pc:Coords points="970,1123 1078,1123 1078,1159 970,1159"/>
                    <pc:TextEquiv conf="0.882935638427734">
                        <pc:Unicode>epate.</pc:Unicode>
                    </pc:TextEquiv>
                </pc:Word>
                <pc:Word id="region0005_line0004_word0009">
                    <pc:Coords points="1090,1114 1309,1114 1309,1161 1090,1161"/>
                    <pc:TextEquiv conf="0.894602966308594">
                        <pc:Unicode>Complexio</pc:Unicode>
                    </pc:TextEquiv>
                </pc:Word>
                <pc:Word id="region0005_line0004_word0010">
                    <pc:Coords points="1318,1125 1403,1125 1403,1166 1318,1166"/>
                    <pc:TextEquiv conf="0.865281066894531">
                        <pc:Unicode>vero</pc:Unicode>
                    </pc:TextEquiv>
                </pc:Word>
                <pc:TextEquiv conf="0.8584821805087">
                    <pc:Unicode>Jui conuenientiã in qualitatibus. Et talis fit in epate. Complexio vero</pc:Unicode>
                </pc:TextEquiv>
            </pc:TextLine>
            <pc:TextLine id="region0005_line0005">
                <pc:Coords points="127,1147 1398,1147 1398,1205 127,1205"/>
                <pc:Word id="region0005_line0005_word0000">
                    <pc:Coords points="127,1147 227,1147 227,1187 127,1187"/>
                    <pc:TextEquiv conf="0.515017929077148">
                        <pc:Unicode>ſcdm</pc:Unicode>
                    </pc:TextEquiv>
                </pc:Word>
                <pc:Word id="region0005_line0005_word0001">
                    <pc:Coords points="238,1153 446,1153 446,1187 238,1187"/>
                    <pc:TextEquiv conf="0.81183723449707">
                        <pc:Unicode>vicinitatem</pc:Unicode>
                    </pc:TextEquiv>
                </pc:Word>
                <pc:Word id="region0005_line0005_word0002">
                    <pc:Coords points="621,1147 458,1147 458,1205 621,1205"/>
                    <pc:TextEquiv conf="0.920895767211914">
                        <pc:Unicode>appellat᷑:</pc:Unicode>
                    </pc:TextEquiv>
                </pc:Word>
                <pc:Word id="region0005_line0005_word0003">
                    <pc:Coords points="643,1156 763,1156 763,1199 643,1199"/>
                    <pc:TextEquiv conf="0.966659088134766">
                        <pc:Unicode>quando</pc:Unicode>
                    </pc:TextEquiv>
                </pc:Word>
                <pc:Word id="region0005_line0005_word0004">
                    <pc:Coords points="778,1158 849,1158 849,1190 778,1190"/>
                    <pc:TextEquiv conf="0.932258529663086">
                        <pc:Unicode>duo</pc:Unicode>
                    </pc:TextEquiv>
                </pc:Word>
                <pc:Word id="region0005_line0005_word0005">
                    <pc:Coords points="861,1159 1018,1159 1018,1192 861,1192"/>
                    <pc:TextEquiv conf="0.854967498779297">
                        <pc:Unicode>humores</pc:Unicode>
                    </pc:TextEquiv>
                </pc:Word>
                <pc:Word id="region0005_line0005_word0006">
                    <pc:Coords points="1028,1161 1120,1161 1120,1204 1028,1204"/>
                    <pc:TextEquiv conf="0.930613250732422">
                        <pc:Unicode>prius</pc:Unicode>
                    </pc:TextEquiv>
                </pc:Word>
                <pc:Word id="region0005_line0005_word0007">
                    <pc:Coords points="1138,1159 1243,1159 1243,1205 1138,1205"/>
                    <pc:TextEquiv conf="0.912074813842773">
                        <pc:Unicode>ſeꝑati</pc:Unicode>
                    </pc:TextEquiv>
                </pc:Word>
                <pc:Word id="region0005_line0005_word0008">
                    <pc:Coords points="1264,1160 1398,1160 1398,1193 1264,1193"/>
                    <pc:TextEquiv conf="0.912074813842773">
                        <pc:Unicode>obuian</pc:Unicode>
                    </pc:TextEquiv>
                </pc:Word>
                <pc:TextEquiv conf="0.861822102864583">
                    <pc:Unicode>ſcdm vicinitatem appellat᷑: quando duo humores prius ſeꝑati obuian</pc:Unicode>
                </pc:TextEquiv>
            </pc:TextLine>
            <pc:TextLine id="region0005_line0006">
                <pc:Coords points="128,1194 1400,1194 1400,1240 128,1240"/>
                <pc:Word id="region0005_line0006_word0000">
                    <pc:Coords points="128,1202 177,1202 177,1227 128,1227"/>
                    <pc:TextEquiv conf="0.910023345947266">
                        <pc:Unicode>tes</pc:Unicode>
                    </pc:TextEquiv>
                </pc:Word>
                <pc:Word id="region0005_line0006_word0001">
                    <pc:Coords points="187,1194 403,1194 403,1229 187,1229"/>
                    <pc:TextEquiv conf="0.90454216003418">
                        <pc:Unicode>ſibiinuicem</pc:Unicode>
                    </pc:TextEquiv>
                </pc:Word>
                <pc:Word id="region0005_line0006_word0002">
                    <pc:Coords points="412,1198 634,1198 634,1230 412,1230"/>
                    <pc:TextEquiv conf="0.892687454223633">
                        <pc:Unicode>cõmiſcentur</pc:Unicode>
                    </pc:TextEquiv>
                </pc:Word>
                <pc:Word id="region0005_line0006_word0003">
                    <pc:Coords points="642,1201 835,1201 835,1233 642,1233"/>
                    <pc:TextEquiv conf="0.908645324707031">
                        <pc:Unicode>adinuicem</pc:Unicode>
                    </pc:TextEquiv>
                </pc:Word>
                <pc:Word id="region0005_line0006_word0004">
                    <pc:Coords points="848,1203 1028,1203 1028,1235 848,1235"/>
                    <pc:TextEquiv conf="0.917400588989258">
                        <pc:Unicode>obuiando</pc:Unicode>
                    </pc:TextEquiv>
                </pc:Word>
                <pc:Word id="region0005_line0006_word0005">
                    <pc:Coords points="1039,1205 1335,1205 1335,1240 1039,1240"/>
                    <pc:TextEquiv conf="0.847386779785156">
                        <pc:Unicode>accidentaliter.</pc:Unicode>
                    </pc:TextEquiv>
                </pc:Word>
                <pc:Word id="region0005_line0006_word0006">
                    <pc:Coords points="1338,1216 1400,1216 1400,1239 1338,1239"/>
                    <pc:TextEquiv conf="0.922188568115234">
                        <pc:Unicode>Com</pc:Unicode>
                    </pc:TextEquiv>
                </pc:Word>
                <pc:TextEquiv conf="0.900410603114537">
                    <pc:Unicode>tes ſibiinuicem cõmiſcentur adinuicem obuiando accidentaliter. Com</pc:Unicode>
                </pc:TextEquiv>
            </pc:TextLine>
            <pc:TextLine id="region0005_line0007">
                <pc:Coords points="128,1238 1398,1238 1398,1297 128,1297"/>
                <pc:Word id="region0005_line0007_word0000">
                    <pc:Coords points="128,1238 275,1238 275,1271 128,1271"/>
                    <pc:TextEquiv conf="0.889322814941406">
                        <pc:Unicode>miſcent᷑</pc:Unicode>
                    </pc:TextEquiv>
                </pc:Word>
                <pc:Word id="region0005_line0007_word0001">
                    <pc:Coords points="282,1241 382,1241 382,1272 282,1272"/>
                    <pc:TextEquiv conf="0.931079177856445">
                        <pc:Unicode>etiam</pc:Unicode>
                    </pc:TextEquiv>
                </pc:Word>
                <pc:Word id="region0005_line0007_word0002">
                    <pc:Coords points="393,1242 536,1242 536,1273 393,1273"/>
                    <pc:TextEquiv conf="0.920210571289062">
                        <pc:Unicode>naturali</pc:Unicode>
                    </pc:TextEquiv>
                </pc:Word>
                <pc:Word id="region0005_line0007_word0003">
                    <pc:Coords points="547,1242 771,1242 771,1277 547,1277"/>
                    <pc:TextEquiv conf="0.907385025024414">
                        <pc:Unicode>cõmixtione.</pc:Unicode>
                    </pc:TextEquiv>
                </pc:Word>
                <pc:Word id="region0005_line0007_word0004">
                    <pc:Coords points="778,1246 844,1246 844,1279 778,1279"/>
                    <pc:TextEquiv conf="0.929254760742187">
                        <pc:Unicode>Sed</pc:Unicode>
                    </pc:TextEquiv>
                </pc:Word>
                <pc:Word id="region0005_line0007_word0005">
                    <pc:Coords points="856,1246 915,1246 915,1279 856,1279"/>
                    <pc:TextEquiv conf="0.904073028564453">
                        <pc:Unicode>hec</pc:Unicode>
                    </pc:TextEquiv>
                </pc:Word>
                <pc:Word id="region0005_line0007_word0006">
                    <pc:Coords points="924,1248 1091,1248 1091,1281 924,1281"/>
                    <pc:TextEquiv conf="0.751242904663086">
                        <pc:Unicode>cõmixtio</pc:Unicode>
                    </pc:TextEquiv>
                </pc:Word>
                <pc:Word id="region0005_line0007_word0007">
                    <pc:Coords points="1102,1250 1148,1250 1148,1281 1102,1281"/>
                    <pc:TextEquiv conf="0.925061798095703">
                        <pc:Unicode>eſt</pc:Unicode>
                    </pc:TextEquiv>
                </pc:Word>
                <pc:Word id="region0005_line0007_word0008">
                    <pc:Coords points="1158,1250 1259,1250 1259,1283 1158,1283"/>
                    <pc:TextEquiv conf="0.963772201538086">
                        <pc:Unicode>etiam</pc:Unicode>
                    </pc:TextEquiv>
                </pc:Word>
                <pc:Word id="region0005_line0007_word0009">
                    <pc:Coords points="1269,1251 1398,1251 1398,1297 1269,1297"/>
                    <pc:TextEquiv conf="0.956036071777344">
                        <pc:Unicode>duplex</pc:Unicode>
                    </pc:TextEquiv>
                </pc:Word>
                <pc:TextEquiv conf="0.907743835449219">
                    <pc:Unicode>miſcent᷑ etiam naturali cõmixtione. Sed hec cõmixtio eſt etiam duplex</pc:Unicode>
                </pc:TextEquiv>
            </pc:TextLine>
            <pc:TextLine id="region0005_line0008">
                <pc:Coords points="126,1283 1398,1283 1398,1335 126,1335"/>
                <pc:Word id="region0005_line0008_word0000">
                    <pc:Coords points="126,1283 275,1283 275,1329 126,1329"/>
                    <pc:TextEquiv conf="0.30822265625">
                        <pc:Unicode>quedaim</pc:Unicode>
                    </pc:TextEquiv>
                </pc:Word>
                <pc:Word id="region0005_line0008_word0001">
                    <pc:Coords points="286,1285 342,1285 342,1318 286,1318"/>
                    <pc:TextEquiv conf="0.331923522949219">
                        <pc:Unicode>ent</pc:Unicode>
                    </pc:TextEquiv>
                </pc:Word>
                <pc:Word id="region0005_line0008_word0002">
                    <pc:Coords points="351,1284 396,1284 396,1317 351,1317"/>
                    <pc:TextEquiv conf="0.842228317260742">
                        <pc:Unicode>eſt</pc:Unicode>
                    </pc:TextEquiv>
                </pc:Word>
                <pc:Word id="region0005_line0008_word0003">
                    <pc:Coords points="406,1285 441,1285 441,1318 406,1318"/>
                    <pc:TextEquiv conf="0.954328308105469">
                        <pc:Unicode>in</pc:Unicode>
                    </pc:TextEquiv>
                </pc:Word>
                <pc:Word id="region0005_line0008_word0004">
                    <pc:Coords points="453,1293 520,1293 520,1335 453,1335"/>
                    <pc:TextEquiv conf="0.969026031494141">
                        <pc:Unicode>qua</pc:Unicode>
                    </pc:TextEquiv>
                </pc:Word>
                <pc:Word id="region0005_line0008_word0005">
                    <pc:Coords points="530,1286 625,1286 625,1319 530,1319"/>
                    <pc:TextEquiv conf="0.9209521484375">
                        <pc:Unicode>nulla</pc:Unicode>
                    </pc:TextEquiv>
                </pc:Word>
                <pc:Word id="region0005_line0008_word0006">
                    <pc:Coords points="635,1287 797,1287 797,1331 635,1331"/>
                    <pc:TextEquiv conf="0.896658477783203">
                        <pc:Unicode>qualitatũ</pc:Unicode>
                    </pc:TextEquiv>
                </pc:Word>
                <pc:Word id="region0005_line0008_word0007">
                    <pc:Coords points="808,1290 910,1290 910,1324 808,1324"/>
                    <pc:TextEquiv conf="0.921475448608398">
                        <pc:Unicode>habet</pc:Unicode>
                    </pc:TextEquiv>
                </pc:Word>
                <pc:Word id="region0005_line0008_word0008">
                    <pc:Coords points="919,1290 1013,1290 1013,1325 919,1325"/>
                    <pc:TextEquiv conf="0.921475448608398">
                        <pc:Unicode>ſuam</pc:Unicode>
                    </pc:TextEquiv>
                </pc:Word>
                <pc:Word id="region0005_line0008_word0009">
                    <pc:Coords points="1032,1292 1232,1292 1232,1329 1032,1329"/>
                    <pc:TextEquiv conf="0.49735179901123">
                        <pc:Unicode>action.</pc:Unicode>
                    </pc:TextEquiv>
                </pc:Word>
                <pc:Word id="region0005_line0008_word0010">
                    <pc:Coords points="1232,1283 1202,1283 1202,1335 1232,1335"/>
                    <pc:TextEquiv conf="0.933022766113281">
                        <pc:Unicode>Et</pc:Unicode>
                    </pc:TextEquiv>
                </pc:Word>
                <pc:Word id="region0005_line0008_word0011">
                    <pc:Coords points="1247,1296 1308,1296 1308,1329 1247,1329"/>
                    <pc:TextEquiv conf="0.919611663818359">
                        <pc:Unicode>iſta</pc:Unicode>
                    </pc:TextEquiv>
                </pc:Word>
                <pc:Word id="region0005_line0008_word0012">
                    <pc:Coords points="1316,1308 1398,1308 1398,1332 1316,1332"/>
                    <pc:TextEquiv conf="0.968242797851563">
                        <pc:Unicode>com</pc:Unicode>
                    </pc:TextEquiv>
                </pc:Word>
                <pc:TextEquiv conf="0.798809183560885">
                    <pc:Unicode>quedaim ent eſt in qua nulla qualitatũ habet ſuam action. Et iſta com</pc:Unicode>
                </pc:TextEquiv>
            </pc:TextLine>
            <pc:TextLine id="region0005_line0009">
                <pc:Coords points="125,1330 1397,1330 1397,1386 125,1386"/>
                <pc:Word id="region0005_line0009_word0000">
                    <pc:Coords points="125,1331 251,1331 251,1364 125,1364"/>
                    <pc:TextEquiv conf="0.">
                        <pc:Unicode>nixtio</pc:Unicode>
                    </pc:TextEquiv>
                </pc:Word>
                <pc:Word id="region0005_line0009_word0001">
                    <pc:Coords points="262,1330 436,1330 436,1377 262,1377"/>
                    <pc:TextEquiv conf="0.923756484985352">
                        <pc:Unicode>poſſibilis</pc:Unicode>
                    </pc:TextEquiv>
                </pc:Word>
                <pc:Word id="region0005_line0009_word0002">
                    <pc:Coords points="445,1330 490,1330 490,1363 445,1363"/>
                    <pc:TextEquiv conf="0.930397720336914">
                        <pc:Unicode>eſt</pc:Unicode>
                    </pc:TextEquiv>
                </pc:Word>
                <pc:Word id="region0005_line0009_word0003">
                    <pc:Coords points="500,1341 539,1341 539,1382 500,1382"/>
                    <pc:TextEquiv conf="0.965795211791992">
                        <pc:Unicode>in</pc:Unicode>
                    </pc:TextEquiv>
                </pc:Word>
                <pc:Word id="region0005_line0009_word0004">
                    <pc:Coords points="558,1332 724,1332 724,1378 558,1378"/>
                    <pc:TextEquiv conf="0.833973999023437">
                        <pc:Unicode>omnibus.</pc:Unicode>
                    </pc:TextEquiv>
                </pc:Word>
                <pc:Word id="region0005_line0009_word0005">
                    <pc:Coords points="806,1330 737,1330 737,1386 806,1386"/>
                    <pc:TextEquiv conf="0.833973999023437">
                        <pc:Unicode>Alia</pc:Unicode>
                    </pc:TextEquiv>
                </pc:Word>
                <pc:Word id="region0005_line0009_word0006">
                    <pc:Coords points="825,1336 870,1336 870,1369 825,1369"/>
                    <pc:TextEquiv conf="0.92665153503418">
                        <pc:Unicode>eſt</pc:Unicode>
                    </pc:TextEquiv>
                </pc:Word>
                <pc:Word id="region0005_line0009_word0007">
                    <pc:Coords points="879,1348 947,1348 947,1382 879,1382"/>
                    <pc:TextEquiv conf="0.963714294433594">
                        <pc:Unicode>qua</pc:Unicode>
                    </pc:TextEquiv>
                </pc:Word>
                <pc:Word id="region0005_line0009_word0008">
                    <pc:Coords points="957,1347 1058,1347 1058,1386 957,1386"/>
                    <pc:TextEquiv conf="0.782630920410156">
                        <pc:Unicode>vtraq;</pc:Unicode>
                    </pc:TextEquiv>
                </pc:Word>
                <pc:Word id="region0005_line0009_word0009">
                    <pc:Coords points="1068,1341 1213,1341 1213,1385 1068,1385"/>
                    <pc:TextEquiv conf="0.906466598510742">
                        <pc:Unicode>qualitas</pc:Unicode>
                    </pc:TextEquiv>
                </pc:Word>
                <pc:Word id="region0005_line0009_word0010">
                    <pc:Coords points="1223,1341 1325,1341 1325,1375 1223,1375"/>
                    <pc:TextEquiv conf="0.931526031494141">
                        <pc:Unicode>habet</pc:Unicode>
                    </pc:TextEquiv>
                </pc:Word>
                <pc:Word id="region0005_line0009_word0011">
                    <pc:Coords points="1336,1342 1397,1342 1397,1378 1336,1378"/>
                    <pc:TextEquiv conf="0.925580291748047">
                        <pc:Unicode>ſuũ</pc:Unicode>
                    </pc:TextEquiv>
                </pc:Word>
                <pc:TextEquiv conf="0.910372257232666">
                    <pc:Unicode>nixtio poſſibilis eſt in omnibus. Alia eſt qua vtraq; qualitas habet ſuũ</pc:Unicode>
                </pc:TextEquiv>
            </pc:TextLine>
            <pc:TextLine id="region0005_line0010">
                <pc:Coords points="125,1373 1398,1373 1398,1424 125,1424"/>
                <pc:Word id="region0005_line0010_word0000">
                    <pc:Coords points="125,1376 252,1376 252,1410 125,1410"/>
                    <pc:TextEquiv conf="0.901452102661133">
                        <pc:Unicode>officiũ</pc:Unicode>
                    </pc:TextEquiv>
                </pc:Word>
                <pc:Word id="region0005_line0010_word0001">
                    <pc:Coords points="262,1377 312,1377 312,1411 262,1411"/>
                    <pc:TextEquiv conf="0.90795280456543">
                        <pc:Unicode>vel</pc:Unicode>
                    </pc:TextEquiv>
                </pc:Word>
                <pc:Word id="region0005_line0010_word0002">
                    <pc:Coords points="323,1373 483,1373 483,1410 323,1410"/>
                    <pc:TextEquiv conf="0.906491088867188">
                        <pc:Unicode>effectum</pc:Unicode>
                    </pc:TextEquiv>
                </pc:Word>
                <pc:Word id="region0005_line0010_word0003">
                    <pc:Coords points="493,1387 543,1387 543,1409 493,1409"/>
                    <pc:TextEquiv conf="0.9264111328125">
                        <pc:Unicode>nõ</pc:Unicode>
                    </pc:TextEquiv>
                </pc:Word>
                <pc:Word id="region0005_line0010_word0004">
                    <pc:Coords points="552,1386 665,1386 665,1411 552,1411"/>
                    <pc:TextEquiv conf="0.932725143432617">
                        <pc:Unicode>tamen</pc:Unicode>
                    </pc:TextEquiv>
                </pc:Word>
                <pc:Word id="region0005_line0010_word0005">
                    <pc:Coords points="675,1382 824,1382 824,1414 675,1414"/>
                    <pc:TextEquiv conf="0.917955856323242">
                        <pc:Unicode>omnino</pc:Unicode>
                    </pc:TextEquiv>
                </pc:Word>
                <pc:Word id="region0005_line0010_word0006">
                    <pc:Coords points="835,1382 1148,1382 1148,1420 835,1420"/>
                    <pc:TextEquiv conf="0.914089050292969">
                        <pc:Unicode>intenſum.</pc:Unicode>
                    </pc:TextEquiv>
                </pc:Word>
                <pc:Word id="region0005_line0010_word0007">
                    <pc:Coords points="1080,1373 1030,1373 1030,1424 1080,1424"/>
                    <pc:TextEquiv conf="0.530234375">
                        <pc:Unicode>Et.</pc:Unicode>
                    </pc:TextEquiv>
                </pc:Word>
                <pc:Word id="region0005_line0010_word0008">
                    <pc:Coords points="1154,1373 1089,1373 1089,1424 1154,1424"/>
                    <pc:TextEquiv conf="0.819266662597656">
                        <pc:Unicode>hoc</pc:Unicode>
                    </pc:TextEquiv>
                </pc:Word>
                <pc:Word id="region0005_line0010_word0009">
                    <pc:Coords points="1164,1388 1274,1388 1274,1421 1164,1421"/>
                    <pc:TextEquiv conf="0.901750335693359">
                        <pc:Unicode>modo</pc:Unicode>
                    </pc:TextEquiv>
                </pc:Word>
                <pc:Word id="region0005_line0010_word0010">
                    <pc:Coords points="1285,1389 1335,1389 1335,1422 1285,1422"/>
                    <pc:TextEquiv conf="0.636085205078125">
                        <pc:Unicode>nõ</pc:Unicode>
                    </pc:TextEquiv>
                </pc:Word>
                <pc:Word id="region0005_line0010_word0011">
                    <pc:Coords points="1350,1391 1398,1391 1398,1424 1350,1424"/>
                    <pc:TextEquiv conf="0.896595306396484">
                        <pc:Unicode>eſt</pc:Unicode>
                    </pc:TextEquiv>
                </pc:Word>
                <pc:TextEquiv conf="0.849250755310059">
                    <pc:Unicode>officiũ vel effectum nõ tamen omnino intenſum. Et. hoc modo nõ eſt</pc:Unicode>
                </pc:TextEquiv>
            </pc:TextLine>
            <pc:TextLine id="region0005_line0011">
                <pc:Coords points="126,1416 1396,1416 1396,1480 126,1480"/>
                <pc:Word id="region0005_line0011_word0000">
                    <pc:Coords points="126,1416 305,1416 305,1473 126,1473"/>
                    <pc:TextEquiv conf="0.803382263183594">
                        <pc:Unicode>poſſibilis</pc:Unicode>
                    </pc:TextEquiv>
                </pc:Word>
                <pc:Word id="region0005_line0011_word0001">
                    <pc:Coords points="315,1423 438,1423 438,1474 315,1474"/>
                    <pc:TextEquiv conf="0.911169128417969">
                        <pc:Unicode>mixtio</pc:Unicode>
                    </pc:TextEquiv>
                </pc:Word>
                <pc:Word id="region0005_line0011_word0002">
                    <pc:Coords points="451,1422 487,1422 487,1455 451,1455"/>
                    <pc:TextEquiv conf="0.960546646118164">
                        <pc:Unicode>in</pc:Unicode>
                    </pc:TextEquiv>
                </pc:Word>
                <pc:Word id="region0005_line0011_word0003">
                    <pc:Coords points="496,1418 712,1418 712,1480 496,1480"/>
                    <pc:TextEquiv conf="0.81969970703125">
                        <pc:Unicode>humoribus.</pc:Unicode>
                    </pc:TextEquiv>
                </pc:Word>
                <pc:Word id="region0005_line0011_word0004">
                    <pc:Coords points="729,1418 842,1418 842,1480 729,1480"/>
                    <pc:TextEquiv conf="0.81969970703125">
                        <pc:Unicode>Tercio</pc:Unicode>
                    </pc:TextEquiv>
                </pc:Word>
                <pc:Word id="region0005_line0011_word0005">
                    <pc:Coords points="860,1430 970,1430 970,1463 860,1463"/>
                    <pc:TextEquiv conf="0.950735397338867">
                        <pc:Unicode>modo</pc:Unicode>
                    </pc:TextEquiv>
                </pc:Word>
                <pc:Word id="region0005_line0011_word0006">
                    <pc:Coords points="989,1443 1066,1443 1066,1465 989,1465"/>
                    <pc:TextEquiv conf="0.929206695556641">
                        <pc:Unicode>cum</pc:Unicode>
                    </pc:TextEquiv>
                </pc:Word>
                <pc:Word id="region0005_line0011_word0007">
                    <pc:Coords points="1084,1432 1227,1432 1227,1466 1084,1466"/>
                    <pc:TextEquiv conf="0.741710052490234">
                        <pc:Unicode>miſcent᷑</pc:Unicode>
                    </pc:TextEquiv>
                </pc:Word>
                <pc:Word id="region0005_line0011_word0008">
                    <pc:Coords points="1236,1435 1396,1435 1396,1470 1236,1470"/>
                    <pc:TextEquiv conf="0.899697418212891">
                        <pc:Unicode>humores</pc:Unicode>
                    </pc:TextEquiv>
                </pc:Word>
                <pc:TextEquiv conf="0.870649668375651">
                    <pc:Unicode>poſſibilis mixtio in humoribus. Tercio modo cum miſcent᷑ humores</pc:Unicode>
                </pc:TextEquiv>
            </pc:TextLine>
            <pc:TextLine id="region0005_line0012">
                <pc:Coords points="129,1467 1395,1467 1395,1525 129,1525"/>
                <pc:Word id="region0005_line0012_word0000">
                    <pc:Coords points="129,1468 216,1468 216,1514 129,1514"/>
                    <pc:TextEquiv conf="0.877037887573242">
                        <pc:Unicode>Intũ</pc:Unicode>
                    </pc:TextEquiv>
                </pc:Word>
                <pc:Word id="region0005_line0012_word0001">
                    <pc:Coords points="227,1467 272,1467 272,1500 227,1500"/>
                    <pc:TextEquiv conf="0.954132537841797">
                        <pc:Unicode>ad</pc:Unicode>
                    </pc:TextEquiv>
                </pc:Word>
                <pc:Word id="region0005_line0012_word0002">
                    <pc:Coords points="281,1468 498,1468 498,1520 281,1520"/>
                    <pc:TextEquiv conf="0.885433959960938">
                        <pc:Unicode>generationẽ</pc:Unicode>
                    </pc:TextEquiv>
                </pc:Word>
                <pc:Word id="region0005_line0012_word0003">
                    <pc:Coords points="506,1469 630,1469 630,1507 506,1507"/>
                    <pc:TextEquiv conf="0.885433959960938">
                        <pc:Unicode>coloris</pc:Unicode>
                    </pc:TextEquiv>
                </pc:Word>
                <pc:Word id="region0005_line0012_word0004">
                    <pc:Coords points="638,1480 674,1480 674,1502 638,1502"/>
                    <pc:TextEquiv conf="0.966778793334961">
                        <pc:Unicode>in</pc:Unicode>
                    </pc:TextEquiv>
                </pc:Word>
                <pc:Word id="region0005_line0012_word0005">
                    <pc:Coords points="684,1473 840,1473 840,1523 684,1523"/>
                    <pc:TextEquiv conf="0.697493133544922">
                        <pc:Unicode>yrina:</pc:Unicode>
                    </pc:TextEquiv>
                </pc:Word>
                <pc:Word id="region0005_line0012_word0006">
                    <pc:Coords points="835,1469 815,1469 815,1525 835,1525"/>
                    <pc:TextEquiv conf="0.946117172241211">
                        <pc:Unicode>&amp;</pc:Unicode>
                    </pc:TextEquiv>
                </pc:Word>
                <pc:Word id="region0005_line0012_word0007">
                    <pc:Coords points="852,1473 919,1473 919,1507 852,1507"/>
                    <pc:TextEquiv conf="0.946117172241211">
                        <pc:Unicode>hoc</pc:Unicode>
                    </pc:TextEquiv>
                </pc:Word>
                <pc:Word id="region0005_line0012_word0008">
                    <pc:Coords points="929,1478 1037,1478 1037,1510 929,1510"/>
                    <pc:TextEquiv conf="0.9681298828125">
                        <pc:Unicode>modo</pc:Unicode>
                    </pc:TextEquiv>
                </pc:Word>
                <pc:Word id="region0005_line0012_word0009">
                    <pc:Coords points="1047,1488 1121,1488 1121,1511 1047,1511"/>
                    <pc:TextEquiv conf="0.930679931640625">
                        <pc:Unicode>non</pc:Unicode>
                    </pc:TextEquiv>
                </pc:Word>
                <pc:Word id="region0005_line0012_word0010">
                    <pc:Coords points="1132,1479 1339,1479 1339,1525 1132,1525"/>
                    <pc:TextEquiv conf="0.897178573608398">
                        <pc:Unicode>ꝑmiſcentur</pc:Unicode>
                    </pc:TextEquiv>
                </pc:Word>
                <pc:Word id="region0005_line0012_word0011">
                    <pc:Coords points="1346,1483 1395,1483 1395,1517 1346,1517"/>
                    <pc:TextEquiv conf="0.962510223388672">
                        <pc:Unicode>hu</pc:Unicode>
                    </pc:TextEquiv>
                </pc:Word>
                <pc:TextEquiv conf="0.909753602345785">
                    <pc:Unicode>Intũ ad generationẽ coloris in yrina: &amp; hoc modo non ꝑmiſcentur hu</pc:Unicode>
                </pc:TextEquiv>
            </pc:TextLine>
            <pc:TextLine id="region0005_line0013">
                <pc:Coords points="128,1514 1394,1514 1394,1573 128,1573"/>
                <pc:Word id="region0005_line0013_word0000">
                    <pc:Coords points="128,1524 239,1524 239,1559 128,1559"/>
                    <pc:TextEquiv conf="0.924800796508789">
                        <pc:Unicode>mores</pc:Unicode>
                    </pc:TextEquiv>
                </pc:Word>
                <pc:Word id="region0005_line0013_word0001">
                    <pc:Coords points="251,1524 270,1524 270,1547 251,1547"/>
                    <pc:TextEquiv conf="0.969769897460937">
                        <pc:Unicode>a</pc:Unicode>
                    </pc:TextEquiv>
                </pc:Word>
                <pc:Word id="region0005_line0013_word0002">
                    <pc:Coords points="280,1522 370,1522 370,1560 280,1560"/>
                    <pc:TextEquiv conf="0.928898162841797">
                        <pc:Unicode>parte</pc:Unicode>
                    </pc:TextEquiv>
                </pc:Word>
                <pc:Word id="region0005_line0013_word0003">
                    <pc:Coords points="380,1514 543,1514 543,1560 380,1560"/>
                    <pc:TextEquiv conf="0.924192352294922">
                        <pc:Unicode>qualitatũ</pc:Unicode>
                    </pc:TextEquiv>
                </pc:Word>
                <pc:Word id="region0005_line0013_word0004">
                    <pc:Coords points="554,1514 795,1514 795,1561 554,1561"/>
                    <pc:TextEquiv conf="0.641735382080078">
                        <pc:Unicode>paſſiuarũ:</pc:Unicode>
                    </pc:TextEquiv>
                </pc:Word>
                <pc:Word id="region0005_line0013_word0005">
                    <pc:Coords points="747,1565 798,1565 798,1514 747,1514"/>
                    <pc:TextEquiv conf="0.909417266845703">
                        <pc:Unicode>ſed</pc:Unicode>
                    </pc:TextEquiv>
                </pc:Word>
                <pc:Word id="region0005_line0013_word0006">
                    <pc:Coords points="806,1518 958,1518 958,1560 806,1560"/>
                    <pc:TextEquiv conf="0.900030975341797">
                        <pc:Unicode>actiuarũ.</pc:Unicode>
                    </pc:TextEquiv>
                </pc:Word>
                <pc:Word id="region0005_line0013_word0007">
                    <pc:Coords points="970,1522 1024,1522 1024,1556 970,1556"/>
                    <pc:TextEquiv conf="0.968322525024414">
                        <pc:Unicode>Et</pc:Unicode>
                    </pc:TextEquiv>
                </pc:Word>
                <pc:Word id="region0005_line0013_word0008">
                    <pc:Coords points="1032,1523 1098,1523 1098,1556 1032,1556"/>
                    <pc:TextEquiv conf="0.903654479980469">
                        <pc:Unicode>hoc</pc:Unicode>
                    </pc:TextEquiv>
                </pc:Word>
                <pc:Word id="region0005_line0013_word0009">
                    <pc:Coords points="1105,1526 1151,1526 1151,1557 1105,1557"/>
                    <pc:TextEquiv conf="0.857291870117188">
                        <pc:Unicode>eſt</pc:Unicode>
                    </pc:TextEquiv>
                </pc:Word>
                <pc:Word id="region0005_line0013_word0010">
                    <pc:Coords points="1165,1528 1246,1528 1246,1570 1165,1570"/>
                    <pc:TextEquiv conf="0.887678604125977">
                        <pc:Unicode>quia</pc:Unicode>
                    </pc:TextEquiv>
                </pc:Word>
                <pc:Word id="region0005_line0013_word0011">
                    <pc:Coords points="1264,1529 1394,1529 1394,1573 1264,1573"/>
                    <pc:TextEquiv conf="0.916875534057617">
                        <pc:Unicode>qualita</pc:Unicode>
                    </pc:TextEquiv>
                </pc:Word>
                <pc:TextEquiv conf="0.894388987223307">
                    <pc:Unicode>mores a parte qualitatũ paſſiuarũ: ſed actiuarũ. Et hoc eſt quia qualita</pc:Unicode>
                </pc:TextEquiv>
            </pc:TextLine>
            <pc:TextLine id="region0005_line0014">
                <pc:Coords points="126,1557 1397,1557 1397,1613 126,1613"/>
                <pc:Word id="region0005_line0014_word0000">
                    <pc:Coords points="126,1566 174,1566 174,1593 126,1593"/>
                    <pc:TextEquiv conf="0.926044006347656">
                        <pc:Unicode>tes</pc:Unicode>
                    </pc:TextEquiv>
                </pc:Word>
                <pc:Word id="region0005_line0014_word0001">
                    <pc:Coords points="182,1557 294,1557 294,1594 182,1594"/>
                    <pc:TextEquiv conf="0.921302719116211">
                        <pc:Unicode>actiue</pc:Unicode>
                    </pc:TextEquiv>
                </pc:Word>
                <pc:Word id="region0005_line0014_word0002">
                    <pc:Coords points="302,1560 386,1560 386,1593 302,1593"/>
                    <pc:TextEquiv conf="0.825441741943359">
                        <pc:Unicode>dant</pc:Unicode>
                    </pc:TextEquiv>
                </pc:Word>
                <pc:Word id="region0005_line0014_word0003">
                    <pc:Coords points="392,1560 602,1560 602,1603 392,1603"/>
                    <pc:TextEquiv conf="0.825441741943359">
                        <pc:Unicode>colote</pc:Unicode>
                    </pc:TextEquiv>
                </pc:Word>
                <pc:Word id="region0005_line0014_word0004">
                    <pc:Coords points="518,1609 556,1609 556,1557 518,1557"/>
                    <pc:TextEquiv conf="0.951452789306641">
                        <pc:Unicode>m.</pc:Unicode>
                    </pc:TextEquiv>
                </pc:Word>
                <pc:Word id="region0005_line0014_word0005">
                    <pc:Coords points="570,1609 603,1609 603,1557 570,1557"/>
                    <pc:TextEquiv conf="0.926646499633789">
                        <pc:Unicode>Et</pc:Unicode>
                    </pc:TextEquiv>
                </pc:Word>
                <pc:Word id="region0005_line0014_word0006">
                    <pc:Coords points="611,1559 704,1559 704,1599 611,1599"/>
                    <pc:TextEquiv conf="0.419449577331543">
                        <pc:Unicode>ſedm</pc:Unicode>
                    </pc:TextEquiv>
                </pc:Word>
                <pc:Word id="region0005_line0014_word0007">
                    <pc:Coords points="715,1563 782,1563 782,1596 715,1596"/>
                    <pc:TextEquiv conf="0.911162185668945">
                        <pc:Unicode>hoc</pc:Unicode>
                    </pc:TextEquiv>
                </pc:Word>
                <pc:Word id="region0005_line0014_word0008">
                    <pc:Coords points="789,1575 862,1575 862,1605 789,1605"/>
                    <pc:TextEquiv conf="0.911162185668945">
                        <pc:Unicode>non</pc:Unicode>
                    </pc:TextEquiv>
                </pc:Word>
                <pc:Word id="region0005_line0014_word0009">
                    <pc:Coords points="874,1566 919,1566 919,1599 874,1599"/>
                    <pc:TextEquiv conf="0.930515747070312">
                        <pc:Unicode>eſt</pc:Unicode>
                    </pc:TextEquiv>
                </pc:Word>
                <pc:Word id="region0005_line0014_word0010">
                    <pc:Coords points="927,1567 1101,1567 1101,1613 927,1613"/>
                    <pc:TextEquiv conf="0.510647773742676">
                        <pc:Unicode>poſlibilis</pc:Unicode>
                    </pc:TextEquiv>
                </pc:Word>
                <pc:Word id="region0005_line0014_word0011">
                    <pc:Coords points="1110,1572 1232,1572 1232,1605 1110,1605"/>
                    <pc:TextEquiv conf="0.909834823608398">
                        <pc:Unicode>mixtio</pc:Unicode>
                    </pc:TextEquiv>
                </pc:Word>
                <pc:Word id="region0005_line0014_word0012">
                    <pc:Coords points="1243,1574 1280,1574 1280,1605 1243,1605"/>
                    <pc:TextEquiv conf="0.967947692871094">
                        <pc:Unicode>in</pc:Unicode>
                    </pc:TextEquiv>
                </pc:Word>
                <pc:Word id="region0005_line0014_word0013">
                    <pc:Coords points="1291,1577 1397,1577 1397,1608 1291,1608"/>
                    <pc:TextEquiv conf="0.946807098388672">
                        <pc:Unicode>omni</pc:Unicode>
                    </pc:TextEquiv>
                </pc:Word>
                <pc:TextEquiv conf="0.848846898760114">
                    <pc:Unicode>tes actiue dant colote m. Et ſedm hoc non eſt poſlibilis mixtio in omni</pc:Unicode>
                </pc:TextEquiv>
            </pc:TextLine>
            <pc:TextLine id="region0005_line0015">
                <pc:Coords points="127,1602 1392,1602 1392,1660 127,1660"/>
                <pc:Word id="region0005_line0015_word0000">
                    <pc:Coords points="127,1602 194,1602 194,1640 127,1640"/>
                    <pc:TextEquiv conf="0.898183670043945">
                        <pc:Unicode>bus</pc:Unicode>
                    </pc:TextEquiv>
                </pc:Word>
                <pc:Word id="region0005_line0015_word0001">
                    <pc:Coords points="202,1606 490,1606 490,1642 202,1642"/>
                    <pc:TextEquiv conf="0.888887100219727">
                        <pc:Unicode>humoribus.</pc:Unicode>
                    </pc:TextEquiv>
                </pc:Word>
                <pc:Word id="region0005_line0015_word0002">
                    <pc:Coords points="433,1659 484,1659 484,1602 433,1602"/>
                    <pc:TextEquiv conf="0.895742874145508">
                        <pc:Unicode>Hic</pc:Unicode>
                    </pc:TextEquiv>
                </pc:Word>
                <pc:Word id="region0005_line0015_word0003">
                    <pc:Coords points="497,1607 561,1607 561,1640 497,1640"/>
                    <pc:TextEquiv conf="0.895742874145508">
                        <pc:Unicode>etiã</pc:Unicode>
                    </pc:TextEquiv>
                </pc:Word>
                <pc:Word id="region0005_line0015_word0004">
                    <pc:Coords points="571,1608 678,1608 678,1653 571,1653"/>
                    <pc:TextEquiv conf="0.512566795349121">
                        <pc:Unicode>querit</pc:Unicode>
                    </pc:TextEquiv>
                </pc:Word>
                <pc:Word id="region0005_line0015_word0005">
                    <pc:Coords points="687,1608 729,1608 729,1655 687,1655"/>
                    <pc:TextEquiv conf="0.926682815551758">
                        <pc:Unicode>de</pc:Unicode>
                    </pc:TextEquiv>
                </pc:Word>
                <pc:Word id="region0005_line0015_word0006">
                    <pc:Coords points="738,1609 950,1609 950,1654 738,1654"/>
                    <pc:TextEquiv conf="0.906955413818359">
                        <pc:Unicode>cõmixtione</pc:Unicode>
                    </pc:TextEquiv>
                </pc:Word>
                <pc:Word id="region0005_line0015_word0007">
                    <pc:Coords points="960,1614 1106,1614 1106,1649 960,1649"/>
                    <pc:TextEquiv conf="0.925885696411133">
                        <pc:Unicode>humorũ</pc:Unicode>
                    </pc:TextEquiv>
                </pc:Word>
                <pc:Word id="region0005_line0015_word0008">
                    <pc:Coords points="1116,1616 1269,1616 1269,1660 1116,1660"/>
                    <pc:TextEquiv conf="0.589113922119141">
                        <pc:Unicode>vtrum.ſ.</pc:Unicode>
                    </pc:TextEquiv>
                </pc:Word>
                <pc:Word id="region0005_line0015_word0009">
                    <pc:Coords points="1276,1621 1333,1621 1333,1652 1276,1652"/>
                    <pc:TextEquiv conf="0.715003814697266">
                        <pc:Unicode>oẽs</pc:Unicode>
                    </pc:TextEquiv>
                </pc:Word>
                <pc:Word id="region0005_line0015_word0010">
                    <pc:Coords points="1344,1620 1392,1620 1392,1658 1344,1658"/>
                    <pc:TextEquiv conf="0.631174392700195">
                        <pc:Unicode>bu</pc:Unicode>
                    </pc:TextEquiv>
                </pc:Word>
                <pc:TextEquiv conf="0.798721760836515">
                    <pc:Unicode>bus humoribus. Hic etiã querit de cõmixtione humorũ vtrum.ſ. oẽs bu</pc:Unicode>
                </pc:TextEquiv>
            </pc:TextLine>
            <pc:TextLine id="region0005_line0016">
                <pc:Coords points="126,1651 1391,1651 1391,1712 126,1712"/>
                <pc:Word id="region0005_line0016_word0000">
                    <pc:Coords points="126,1659 237,1659 237,1692 126,1692"/>
                    <pc:TextEquiv conf="0.910841522216797">
                        <pc:Unicode>motes</pc:Unicode>
                    </pc:TextEquiv>
                </pc:Word>
                <pc:Word id="region0005_line0016_word0001">
                    <pc:Coords points="246,1652 378,1652 378,1699 246,1699"/>
                    <pc:TextEquiv conf="0.834253616333008">
                        <pc:Unicode>poſſint</pc:Unicode>
                    </pc:TextEquiv>
                </pc:Word>
                <pc:Word id="region0005_line0016_word0002">
                    <pc:Coords points="386,1651 487,1651 487,1686 386,1686"/>
                    <pc:TextEquiv conf="0.873936920166016">
                        <pc:Unicode>ſimul</pc:Unicode>
                    </pc:TextEquiv>
                </pc:Word>
                <pc:Word id="region0005_line0016_word0003">
                    <pc:Coords points="497,1653 688,1653 688,1688 497,1688"/>
                    <pc:TextEquiv conf="0.907741470336914">
                        <pc:Unicode>adinuicem</pc:Unicode>
                    </pc:TextEquiv>
                </pc:Word>
                <pc:Word id="region0005_line0016_word0004">
                    <pc:Coords points="707,1659 898,1659 898,1691 707,1691"/>
                    <pc:TextEquiv conf="0.907741470336914">
                        <pc:Unicode>naturaliter</pc:Unicode>
                    </pc:TextEquiv>
                </pc:Word>
                <pc:Word id="region0005_line0016_word0005">
                    <pc:Coords points="912,1660 1099,1660 1099,1696 912,1696"/>
                    <pc:TextEquiv conf="0.797545623779297">
                        <pc:Unicode>cõmiſceri.</pc:Unicode>
                    </pc:TextEquiv>
                </pc:Word>
                <pc:Word id="region0005_line0016_word0006">
                    <pc:Coords points="1110,1663 1151,1663 1151,1697 1110,1697"/>
                    <pc:TextEquiv conf="0.915252075195312">
                        <pc:Unicode>Et</pc:Unicode>
                    </pc:TextEquiv>
                </pc:Word>
                <pc:Word id="region0005_line0016_word0007">
                    <pc:Coords points="1159,1663 1290,1663 1290,1702 1159,1702"/>
                    <pc:TextEquiv conf="0.446671905517578">
                        <pc:Unicode>videtur</pc:Unicode>
                    </pc:TextEquiv>
                </pc:Word>
                <pc:Word id="region0005_line0016_word0008">
                    <pc:Coords points="1299,1676 1331,1676 1331,1710 1299,1710"/>
                    <pc:TextEquiv conf="0.578112335205078">
                        <pc:Unicode>ꝙ</pc:Unicode>
                    </pc:TextEquiv>
                </pc:Word>
                <pc:Word id="region0005_line0016_word0009">
                    <pc:Coords points="1343,1664 1391,1664 1391,1712 1343,1712"/>
                    <pc:TextEquiv conf="0.62798942565918">
                        <pc:Unicode>ſie</pc:Unicode>
                    </pc:TextEquiv>
                </pc:Word>
                <pc:TextEquiv conf="0.780008636474609">
                    <pc:Unicode>motes poſſint ſimul adinuicem naturaliter cõmiſceri. Et videtur ꝙ ſie</pc:Unicode>
                </pc:TextEquiv>
            </pc:TextLine>
            <pc:TextLine id="region0005_line0017">
                <pc:Coords points="127,1699 1387,1699 1387,1747 127,1747"/>
                <pc:Word id="region0005_line0017_word0000">
                    <pc:Coords points="127,1699 302,1699 302,1745 127,1745"/>
                    <pc:TextEquiv conf="0.879787368774414">
                        <pc:Unicode>qualitates</pc:Unicode>
                    </pc:TextEquiv>
                </pc:Word>
                <pc:Word id="region0005_line0017_word0001">
                    <pc:Coords points="312,1700 367,1700 367,1733 312,1733"/>
                    <pc:TextEquiv conf="0.878927612304688">
                        <pc:Unicode>enĩ</pc:Unicode>
                    </pc:TextEquiv>
                </pc:Word>
                <pc:Word id="region0005_line0017_word0002">
                    <pc:Coords points="377,1701 413,1701 413,1733 377,1733"/>
                    <pc:TextEquiv conf="0.930086822509766">
                        <pc:Unicode>in</pc:Unicode>
                    </pc:TextEquiv>
                </pc:Word>
                <pc:Word id="region0005_line0017_word0003">
                    <pc:Coords points="423,1699 589,1699 589,1734 423,1734"/>
                    <pc:TextEquiv conf="0.923383483886719">
                        <pc:Unicode>elimentis</pc:Unicode>
                    </pc:TextEquiv>
                </pc:Word>
                <pc:Word id="region0005_line0017_word0004">
                    <pc:Coords points="598,1699 674,1699 674,1736 598,1736"/>
                    <pc:TextEquiv conf="0.926669845581055">
                        <pc:Unicode>ſunt</pc:Unicode>
                    </pc:TextEquiv>
                </pc:Word>
                <pc:Word id="region0005_line0017_word0005">
                    <pc:Coords points="683,1703 720,1703 720,1735 683,1735"/>
                    <pc:TextEquiv conf="0.93110237121582">
                        <pc:Unicode>in</pc:Unicode>
                    </pc:TextEquiv>
                </pc:Word>
                <pc:Word id="region0005_line0017_word0006">
                    <pc:Coords points="861,1699 734,1699 734,1747 861,1747"/>
                    <pc:TextEquiv conf="0.813033905029297">
                        <pc:Unicode>vltimo:</pc:Unicode>
                    </pc:TextEquiv>
                </pc:Word>
                <pc:Word id="region0005_line0017_word0007">
                    <pc:Coords points="953,1699 874,1699 874,1747 953,1747"/>
                    <pc:TextEquiv conf="0.813033905029297">
                        <pc:Unicode>ſicut</pc:Unicode>
                    </pc:TextEquiv>
                </pc:Word>
                <pc:Word id="region0005_line0017_word0008">
                    <pc:Coords points="969,1707 1051,1707 1051,1742 969,1742"/>
                    <pc:TextEquiv conf="0.912721099853516">
                        <pc:Unicode>dicit</pc:Unicode>
                    </pc:TextEquiv>
                </pc:Word>
                <pc:Word id="region0005_line0017_word0009">
                    <pc:Coords points="1067,1710 1229,1710 1229,1745 1067,1745"/>
                    <pc:TextEquiv conf="0.928742294311523">
                        <pc:Unicode>Galienus</pc:Unicode>
                    </pc:TextEquiv>
                </pc:Word>
                <pc:Word id="region0005_line0017_word0010">
                    <pc:Coords points="1240,1713 1281,1713 1281,1744 1240,1744"/>
                    <pc:TextEquiv conf="0.968451538085938">
                        <pc:Unicode>in</pc:Unicode>
                    </pc:TextEquiv>
                </pc:Word>
                <pc:Word id="region0005_line0017_word0011">
                    <pc:Coords points="1294,1712 1387,1712 1387,1747 1294,1747"/>
                    <pc:TextEquiv conf="0.425115509033203">
                        <pc:Unicode>libro</pc:Unicode>
                    </pc:TextEquiv>
                </pc:Word>
                <pc:TextEquiv conf="0.860921312967936">
                    <pc:Unicode>qualitates enĩ in elimentis ſunt in vltimo: ſicut dicit Galienus in libro</pc:Unicode>
                </pc:TextEquiv>
            </pc:TextLine>
            <pc:TextLine id="region0005_line0018">
                <pc:Coords points="127,1745 1387,1745 1387,1794 127,1794"/>
                <pc:Word id="region0005_line0018_word0000">
                    <pc:Coords points="127,1745 395,1745 395,1790 127,1790"/>
                    <pc:TextEquiv conf="0.767123107910156">
                        <pc:Unicode>cõplexionũ.</pc:Unicode>
                    </pc:TextEquiv>
                </pc:Word>
                <pc:Word id="region0005_line0018_word0001">
                    <pc:Coords points="394,1745 359,1745 359,1794 394,1794"/>
                    <pc:TextEquiv conf="0.922928161621094">
                        <pc:Unicode>In</pc:Unicode>
                    </pc:TextEquiv>
                </pc:Word>
                <pc:Word id="region0005_line0018_word0002">
                    <pc:Coords points="403,1755 507,1755 507,1793 403,1793"/>
                    <pc:TextEquiv conf="0.833908309936523">
                        <pc:Unicode>corꝑe</pc:Unicode>
                    </pc:TextEquiv>
                </pc:Word>
                <pc:Word id="region0005_line0018_word0003">
                    <pc:Coords points="515,1757 594,1757 594,1783 515,1783"/>
                    <pc:TextEquiv conf="0.847407760620117">
                        <pc:Unicode>vero</pc:Unicode>
                    </pc:TextEquiv>
                </pc:Word>
                <pc:Word id="region0005_line0018_word0004">
                    <pc:Coords points="603,1748 756,1748 756,1783 603,1783"/>
                    <pc:TextEquiv conf="0.916940231323242">
                        <pc:Unicode>humano</pc:Unicode>
                    </pc:TextEquiv>
                </pc:Word>
                <pc:Word id="region0005_line0018_word0005">
                    <pc:Coords points="768,1761 842,1761 842,1785 768,1785"/>
                    <pc:TextEquiv conf="0.932851943969727">
                        <pc:Unicode>non</pc:Unicode>
                    </pc:TextEquiv>
                </pc:Word>
                <pc:Word id="region0005_line0018_word0006">
                    <pc:Coords points="862,1749 984,1749 984,1786 862,1786"/>
                    <pc:TextEquiv conf="0.929790191650391">
                        <pc:Unicode>ſunt</pc:Unicode>
                    </pc:TextEquiv>
                </pc:Word>
                <pc:Word id="region0005_line0018_word0007">
                    <pc:Coords points="979,1745 944,1745 944,1794 979,1794"/>
                    <pc:TextEquiv conf="0.931065902709961">
                        <pc:Unicode>in</pc:Unicode>
                    </pc:TextEquiv>
                </pc:Word>
                <pc:Word id="region0005_line0018_word0008">
                    <pc:Coords points="995,1755 1117,1755 1117,1791 995,1791"/>
                    <pc:TextEquiv conf="0.468581733703613">
                        <pc:Unicode>yltimo</pc:Unicode>
                    </pc:TextEquiv>
                </pc:Word>
                <pc:Word id="region0005_line0018_word0009">
                    <pc:Coords points="1130,1766 1189,1766 1189,1789 1130,1789"/>
                    <pc:TextEquiv conf="0.880654678344727">
                        <pc:Unicode>nec</pc:Unicode>
                    </pc:TextEquiv>
                </pc:Word>
                <pc:Word id="region0005_line0018_word0010">
                    <pc:Coords points="1199,1757 1232,1757 1232,1789 1199,1789"/>
                    <pc:TextEquiv conf="0.880654678344727">
                        <pc:Unicode>in</pc:Unicode>
                    </pc:TextEquiv>
                </pc:Word>
                <pc:Word id="region0005_line0018_word0011">
                    <pc:Coords points="1248,1758 1387,1758 1387,1794 1248,1794"/>
                    <pc:TextEquiv conf="0.844130401611328">
                        <pc:Unicode>humori</pc:Unicode>
                    </pc:TextEquiv>
                </pc:Word>
                <pc:TextEquiv conf="0.846336425145467">
                    <pc:Unicode>cõplexionũ. In corꝑe vero humano non ſunt in yltimo nec in humori</pc:Unicode>
                </pc:TextEquiv>
            </pc:TextLine>
            <pc:TextLine id="region0005_line0019">
                <pc:Coords points="126,1781 1386,1781 1386,1844 126,1844"/>
                <pc:Word id="region0005_line0019_word0000">
                    <pc:Coords points="126,1781 194,1781 194,1830 126,1830"/>
                    <pc:TextEquiv conf="0.931221313476562">
                        <pc:Unicode>bus</pc:Unicode>
                    </pc:TextEquiv>
                </pc:Word>
                <pc:Word id="region0005_line0019_word0001">
                    <pc:Coords points="204,1788 258,1788 258,1823 204,1823"/>
                    <pc:TextEquiv conf="0.926638031005859">
                        <pc:Unicode>ſed</pc:Unicode>
                    </pc:TextEquiv>
                </pc:Word>
                <pc:Word id="region0005_line0019_word0002">
                    <pc:Coords points="266,1793 428,1793 428,1826 266,1826"/>
                    <pc:TextEquiv conf="0.885285263061523">
                        <pc:Unicode>maiorem</pc:Unicode>
                    </pc:TextEquiv>
                </pc:Word>
                <pc:Word id="region0005_line0019_word0003">
                    <pc:Coords points="439,1792 566,1792 566,1827 439,1827"/>
                    <pc:TextEquiv conf="0.891382064819336">
                        <pc:Unicode>habent</pc:Unicode>
                    </pc:TextEquiv>
                </pc:Word>
                <pc:Word id="region0005_line0019_word0004">
                    <pc:Coords points="573,1798 798,1798 798,1842 573,1842"/>
                    <pc:TextEquiv conf="0.891382064819336">
                        <pc:Unicode>repugnantiã</pc:Unicode>
                    </pc:TextEquiv>
                </pc:Word>
                <pc:Word id="region0005_line0019_word0005">
                    <pc:Coords points="808,1808 910,1808 910,1844 808,1844"/>
                    <pc:TextEquiv conf="0.812785186767578">
                        <pc:Unicode>prout</pc:Unicode>
                    </pc:TextEquiv>
                </pc:Word>
                <pc:Word id="region0005_line0019_word0006">
                    <pc:Coords points="919,1797 995,1797 995,1833 919,1833"/>
                    <pc:TextEquiv conf="0.812785186767578">
                        <pc:Unicode>ſunt</pc:Unicode>
                    </pc:TextEquiv>
                </pc:Word>
                <pc:Word id="region0005_line0019_word0007">
                    <pc:Coords points="1002,1802 1040,1802 1040,1833 1002,1833"/>
                    <pc:TextEquiv conf="0.918212051391602">
                        <pc:Unicode>in</pc:Unicode>
                    </pc:TextEquiv>
                </pc:Word>
                <pc:Word id="region0005_line0019_word0008">
                    <pc:Coords points="1049,1803 1177,1803 1177,1838 1049,1838"/>
                    <pc:TextEquiv conf="0.78421760559082">
                        <pc:Unicode>vltimo</pc:Unicode>
                    </pc:TextEquiv>
                </pc:Word>
                <pc:Word id="region0005_line0019_word0009">
                    <pc:Coords points="1192,1800 1246,1800 1246,1837 1192,1837"/>
                    <pc:TextEquiv conf="0.404092826843262">
                        <pc:Unicode>ſue</pc:Unicode>
                    </pc:TextEquiv>
                </pc:Word>
                <pc:Word id="region0005_line0019_word0010">
                    <pc:Coords points="1256,1804 1386,1804 1386,1842 1256,1842"/>
                    <pc:TextEquiv conf="0.894350051879883">
                        <pc:Unicode>yirtutis</pc:Unicode>
                    </pc:TextEquiv>
                </pc:Word>
                <pc:TextEquiv conf="0.832031967856667">
                    <pc:Unicode>bus ſed maiorem habent repugnantiã prout ſunt in vltimo ſue yirtutis</pc:Unicode>
                </pc:TextEquiv>
            </pc:TextLine>
            <pc:TextLine id="region0005_line0020">
                <pc:Coords points="127,1833 1385,1833 1385,1925 127,1925"/>
                <pc:Word id="region0005_line0020_word0000">
                    <pc:Coords points="127,1833 191,1833 191,1881 127,1881"/>
                    <pc:TextEquiv conf="0.552926483154297">
                        <pc:Unicode>aim</pc:Unicode>
                    </pc:TextEquiv>
                </pc:Word>
                <pc:Word id="region0005_line0020_word0001">
                    <pc:Coords points="201,1844 303,1844 303,1881 201,1881"/>
                    <pc:TextEquiv conf="0.93094970703125">
                        <pc:Unicode>prout</pc:Unicode>
                    </pc:TextEquiv>
                </pc:Word>
                <pc:Word id="region0005_line0020_word0002">
                    <pc:Coords points="311,1836 385,1836 385,1880 311,1880"/>
                    <pc:TextEquiv conf="0.913071136474609">
                        <pc:Unicode>ſunt</pc:Unicode>
                    </pc:TextEquiv>
                </pc:Word>
                <pc:Word id="region0005_line0020_word0003">
                    <pc:Coords points="392,1837 638,1837 638,1875 392,1875"/>
                    <pc:TextEquiv conf="0.903595504760742">
                        <pc:Unicode>confracte:</pc:Unicode>
                    </pc:TextEquiv>
                </pc:Word>
                <pc:Word id="region0005_line0020_word0004">
                    <pc:Coords points="595,1888 650,1888 650,1833 595,1833"/>
                    <pc:TextEquiv conf="0.887167816162109">
                        <pc:Unicode>ſed</pc:Unicode>
                    </pc:TextEquiv>
                </pc:Word>
                <pc:Word id="region0005_line0020_word0005">
                    <pc:Coords points="654,1837 776,1837 776,1876 654,1876"/>
                    <pc:TextEquiv conf="0.915585403442383">
                        <pc:Unicode>omnia</pc:Unicode>
                    </pc:TextEquiv>
                </pc:Word>
                <pc:Word id="region0005_line0020_word0006">
                    <pc:Coords points="790,1845 947,1845 947,1878 790,1878"/>
                    <pc:TextEquiv conf="0.912310943603516">
                        <pc:Unicode>elimenta</pc:Unicode>
                    </pc:TextEquiv>
                </pc:Word>
                <pc:Word id="region0005_line0020_word0007">
                    <pc:Coords points="961,1847 1046,1847 1046,1925 961,1925"/>
                    <pc:TextEquiv conf="0.751282501220703">
                        <pc:Unicode>Pech</pc:Unicode>
                    </pc:TextEquiv>
                </pc:Word>
                <pc:Word id="region0005_line0020_word0008">
                    <pc:Coords points="1039,1857 1103,1857 1103,1881 1039,1881"/>
                    <pc:TextEquiv conf="0.932816772460938">
                        <pc:Unicode>unt</pc:Unicode>
                    </pc:TextEquiv>
                </pc:Word>
                <pc:Word id="region0005_line0020_word0009">
                    <pc:Coords points="1110,1859 1182,1859 1182,1885 1110,1885"/>
                    <pc:TextEquiv conf="0.678320159912109">
                        <pc:Unicode>yere</pc:Unicode>
                    </pc:TextEquiv>
                </pc:Word>
                <pc:Word id="region0005_line0020_word0010">
                    <pc:Coords points="1197,1849 1385,1849 1385,1896 1197,1896"/>
                    <pc:TextEquiv conf="0.836745452880859">
                        <pc:Unicode>permiſceri</pc:Unicode>
                    </pc:TextEquiv>
                </pc:Word>
                <pc:TextEquiv conf="0.837706534645774">
                    <pc:Unicode>aim prout ſunt confracte: ſed omnia elimenta Pech unt yere permiſceri</pc:Unicode>
                </pc:TextEquiv>
            </pc:TextLine>
            <pc:TextLine id="region0005_line0021">
                <pc:Coords points="127,1878 1383,1878 1383,1941 127,1941"/>
                <pc:Word id="region0005_line0021_word0000">
                    <pc:Coords points="127,1878 175,1878 175,1915 127,1915"/>
                    <pc:TextEquiv conf="0.927701568603516">
                        <pc:Unicode>ad</pc:Unicode>
                    </pc:TextEquiv>
                </pc:Word>
                <pc:Word id="region0005_line0021_word0001">
                    <pc:Coords points="192,1879 459,1879 459,1927 192,1927"/>
                    <pc:TextEquiv conf="0.839570541381836">
                        <pc:Unicode>productionem</pc:Unicode>
                    </pc:TextEquiv>
                </pc:Word>
                <pc:Word id="region0005_line0021_word0002">
                    <pc:Coords points="478,1887 597,1887 597,1919 478,1919"/>
                    <pc:TextEquiv conf="0.908494873046875">
                        <pc:Unicode>mixti:</pc:Unicode>
                    </pc:TextEquiv>
                </pc:Word>
                <pc:Word id="region0005_line0021_word0003">
                    <pc:Coords points="607,1897 688,1897 688,1933 607,1933"/>
                    <pc:TextEquiv conf="0.930892333984375">
                        <pc:Unicode>ergo</pc:Unicode>
                    </pc:TextEquiv>
                </pc:Word>
                <pc:Word id="region0005_line0021_word0004">
                    <pc:Coords points="706,1890 815,1890 815,1922 706,1922"/>
                    <pc:TextEquiv conf="0.895926666259766">
                        <pc:Unicode>multo</pc:Unicode>
                    </pc:TextEquiv>
                </pc:Word>
                <pc:Word id="region0005_line0021_word0005">
                    <pc:Coords points="833,1892 945,1892 945,1939 833,1939"/>
                    <pc:TextEquiv conf="0.92837890625">
                        <pc:Unicode>magis</pc:Unicode>
                    </pc:TextEquiv>
                </pc:Word>
                <pc:Word id="region0005_line0021_word0006">
                    <pc:Coords points="975,1892 1118,1892 1118,1927 975,1927"/>
                    <pc:TextEquiv conf="0.928331527709961">
                        <pc:Unicode>humores</pc:Unicode>
                    </pc:TextEquiv>
                </pc:Word>
                <pc:Word id="region0005_line0021_word0007">
                    <pc:Coords points="1135,1904 1295,1904 1295,1941 1135,1941"/>
                    <pc:TextEquiv conf="0.926357498168945">
                        <pc:Unicode>poterunt</pc:Unicode>
                    </pc:TextEquiv>
                </pc:Word>
                <pc:Word id="region0005_line0021_word0008">
                    <pc:Coords points="1304,1908 1383,1908 1383,1932 1304,1932"/>
                    <pc:TextEquiv conf="0.901211471557617">
                        <pc:Unicode>vere</pc:Unicode>
                    </pc:TextEquiv>
                </pc:Word>
                <pc:TextEquiv conf="0.909651709662543">
                    <pc:Unicode>ad productionem mixti: ergo multo magis humores poterunt vere</pc:Unicode>
                </pc:TextEquiv>
            </pc:TextLine>
            <pc:TextLine id="region0005_line0022">
                <pc:Coords points="155,1925 1382,1925 1382,1986 155,1986"/>
                <pc:Word id="region0005_line0022_word0000">
                    <pc:Coords points="155,1925 329,1925 329,1960 155,1960"/>
                    <pc:TextEquiv conf="0.863703384399414">
                        <pc:Unicode>ermiſceri.</pc:Unicode>
                    </pc:TextEquiv>
                </pc:Word>
                <pc:Word id="region0005_line0022_word0001">
                    <pc:Coords points="337,1926 397,1926 397,1961 337,1961"/>
                    <pc:TextEquiv conf="0.959278717041016">
                        <pc:Unicode>Ad</pc:Unicode>
                    </pc:TextEquiv>
                </pc:Word>
                <pc:Word id="region0005_line0022_word0002">
                    <pc:Coords points="407,1929 496,1929 496,1961 407,1961"/>
                    <pc:TextEquiv conf="0.930144805908203">
                        <pc:Unicode>idem</pc:Unicode>
                    </pc:TextEquiv>
                </pc:Word>
                <pc:Word id="region0005_line0022_word0003">
                    <pc:Coords points="505,1941 666,1941 666,1978 505,1978"/>
                    <pc:TextEquiv conf="0.835987777709961">
                        <pc:Unicode>quecunq;</pc:Unicode>
                    </pc:TextEquiv>
                </pc:Word>
                <pc:Word id="region0005_line0022_word0004">
                    <pc:Coords points="675,1945 714,1945 714,1966 675,1966"/>
                    <pc:TextEquiv conf="0.909710159301758">
                        <pc:Unicode>ex</pc:Unicode>
                    </pc:TextEquiv>
                </pc:Word>
                <pc:Word id="region0005_line0022_word0005">
                    <pc:Coords points="720,1935 836,1935 836,1968 720,1968"/>
                    <pc:TextEquiv conf="0.83254280090332">
                        <pc:Unicode>eadem</pc:Unicode>
                    </pc:TextEquiv>
                </pc:Word>
                <pc:Word id="region0005_line0022_word0006">
                    <pc:Coords points="846,1939 985,1939 985,1972 846,1972"/>
                    <pc:TextEquiv conf="0.967036437988281">
                        <pc:Unicode>materia</pc:Unicode>
                    </pc:TextEquiv>
                </pc:Word>
                <pc:Word id="region0005_line0022_word0007">
                    <pc:Coords points="992,1949 1192,1949 1192,1986 992,1986"/>
                    <pc:TextEquiv conf="0.897205963134766">
                        <pc:Unicode>generantur</pc:Unicode>
                    </pc:TextEquiv>
                </pc:Word>
                <pc:Word id="region0005_line0022_word0008">
                    <pc:Coords points="1206,1942 1243,1942 1243,1975 1206,1975"/>
                    <pc:TextEquiv conf="0.932025299072266">
                        <pc:Unicode>in</pc:Unicode>
                    </pc:TextEquiv>
                </pc:Word>
                <pc:Word id="region0005_line0022_word0009">
                    <pc:Coords points="1258,1943 1382,1943 1382,1978 1258,1978"/>
                    <pc:TextEquiv conf="0.927614364624023">
                        <pc:Unicode>eodem</pc:Unicode>
                    </pc:TextEquiv>
                </pc:Word>
                <pc:TextEquiv conf="0.905524971008301">
                    <pc:Unicode>ermiſceri. Ad idem quecunq; ex eadem materia generantur in eodem</pc:Unicode>
                </pc:TextEquiv>
            </pc:TextLine>
            <pc:TextLine id="region0005_line0023">
                <pc:Coords points="126,1937 1383,1937 1383,2036 126,2036"/>
                <pc:Word id="region0005_line0023_word0000">
                    <pc:Coords points="126,1937 272,1937 272,2007 126,2007"/>
                    <pc:TextEquiv conf="0.398098983764648">
                        <pc:Unicode>E</pc:Unicode>
                    </pc:TextEquiv>
                </pc:Word>
                <pc:Word id="region0005_line0023_word0001">
                    <pc:Coords points="281,1973 326,1973 326,2006 281,2006"/>
                    <pc:TextEquiv conf="0.922494583129883">
                        <pc:Unicode>ab</pc:Unicode>
                    </pc:TextEquiv>
                </pc:Word>
                <pc:Word id="region0005_line0023_word0002">
                    <pc:Coords points="344,1974 461,1974 461,2007 344,2007"/>
                    <pc:TextEquiv conf="0.901488876342773">
                        <pc:Unicode>eadem</pc:Unicode>
                    </pc:TextEquiv>
                </pc:Word>
                <pc:Word id="region0005_line0023_word0003">
                    <pc:Coords points="470,1975 585,1975 585,2016 470,2016"/>
                    <pc:TextEquiv conf="0.85837776184082">
                        <pc:Unicode>virtute</pc:Unicode>
                    </pc:TextEquiv>
                </pc:Word>
                <pc:Word id="region0005_line0023_word0004">
                    <pc:Coords points="602,1987 676,1987 676,2012 602,2012"/>
                    <pc:TextEquiv conf="0.930922470092773">
                        <pc:Unicode>ante</pc:Unicode>
                    </pc:TextEquiv>
                </pc:Word>
                <pc:Word id="region0005_line0023_word0005">
                    <pc:Coords points="693,1978 786,1978 786,2015 693,2015"/>
                    <pc:TextEquiv conf="0.884714126586914">
                        <pc:Unicode>ſuam</pc:Unicode>
                    </pc:TextEquiv>
                </pc:Word>
                <pc:Word id="region0005_line0023_word0006">
                    <pc:Coords points="804,1975 1069,1975 1069,2035 804,2035"/>
                    <pc:TextEquiv conf="0.920032730102539">
                        <pc:Unicode>ſegregationem</pc:Unicode>
                    </pc:TextEquiv>
                </pc:Word>
                <pc:Word id="region0005_line0023_word0007">
                    <pc:Coords points="1084,1997 1162,1997 1162,2022 1084,2022"/>
                    <pc:TextEquiv conf="0.92859130859375">
                        <pc:Unicode>nata</pc:Unicode>
                    </pc:TextEquiv>
                </pc:Word>
                <pc:Word id="region0005_line0023_word0008">
                    <pc:Coords points="1180,1987 1258,1987 1258,2025 1180,2025"/>
                    <pc:TextEquiv conf="0.927988052368164">
                        <pc:Unicode>ſunt</pc:Unicode>
                    </pc:TextEquiv>
                </pc:Word>
                <pc:Word id="region0005_line0023_word0009">
                    <pc:Coords points="1271,1991 1383,1991 1383,2036 1271,2036"/>
                    <pc:TextEquiv conf="0.478632431030273">
                        <pc:Unicode>permã</pc:Unicode>
                    </pc:TextEquiv>
                </pc:Word>
                <pc:TextEquiv conf="0.815134132385254">
                    <pc:Unicode>E ab eadem virtute ante ſuam ſegregationem nata ſunt permã</pc:Unicode>
                </pc:TextEquiv>
            </pc:TextLine>
            <pc:TextLine id="region0005_line0024">
                <pc:Coords points="127,2016 1387,2016 1387,2083 127,2083"/>
                <pc:Word id="region0005_line0024_word0000">
                    <pc:Coords points="127,2016 219,2016 219,2057 127,2057"/>
                    <pc:TextEquiv conf="0.642872467041016">
                        <pc:Unicode>ſeeri.</pc:Unicode>
                    </pc:TextEquiv>
                </pc:Word>
                <pc:Word id="region0005_line0024_word0001">
                    <pc:Coords points="224,2019 290,2019 290,2059 224,2059"/>
                    <pc:TextEquiv conf="0.933062515258789">
                        <pc:Unicode>Sed</pc:Unicode>
                    </pc:TextEquiv>
                </pc:Word>
                <pc:Word id="region0005_line0024_word0002">
                    <pc:Coords points="298,2019 455,2019 455,2074 298,2074"/>
                    <pc:TextEquiv conf="0.917006683349609">
                        <pc:Unicode>humores</pc:Unicode>
                    </pc:TextEquiv>
                </pc:Word>
                <pc:Word id="region0005_line0024_word0003">
                    <pc:Coords points="468,2081 541,2081 541,2016 468,2016"/>
                    <pc:TextEquiv conf="0.915819854736328">
                        <pc:Unicode>ſunt</pc:Unicode>
                    </pc:TextEquiv>
                </pc:Word>
                <pc:Word id="region0005_line0024_word0004">
                    <pc:Coords points="560,2081 739,2081 739,2016 560,2016"/>
                    <pc:TextEquiv conf="0.835289840698242">
                        <pc:Unicode>huiuſinodi</pc:Unicode>
                    </pc:TextEquiv>
                </pc:Word>
                <pc:Word id="region0005_line0024_word0005">
                    <pc:Coords points="754,2029 834,2029 834,2077 754,2077"/>
                    <pc:TextEquiv conf="0.883323974609375">
                        <pc:Unicode>quia</pc:Unicode>
                    </pc:TextEquiv>
                </pc:Word>
                <pc:Word id="region0005_line0024_word0006">
                    <pc:Coords points="842,2041 882,2041 882,2065 842,2065"/>
                    <pc:TextEquiv conf="0.559579696655273">
                        <pc:Unicode>ex</pc:Unicode>
                    </pc:TextEquiv>
                </pc:Word>
                <pc:Word id="region0005_line0024_word0007">
                    <pc:Coords points="891,2032 1007,2032 1007,2069 891,2069"/>
                    <pc:TextEquiv conf="0.742303466796875">
                        <pc:Unicode>cadem</pc:Unicode>
                    </pc:TextEquiv>
                </pc:Word>
                <pc:Word id="region0005_line0024_word0008">
                    <pc:Coords points="1016,2030 1124,2030 1124,2070 1016,2070"/>
                    <pc:TextEquiv conf="0.91127082824707">
                        <pc:Unicode>maſſa</pc:Unicode>
                    </pc:TextEquiv>
                </pc:Word>
                <pc:Word id="region0005_line0024_word0009">
                    <pc:Coords points="1129,2031 1327,2031 1327,2083 1129,2083"/>
                    <pc:TextEquiv conf="0.823849487304688">
                        <pc:Unicode>genetantur</pc:Unicode>
                    </pc:TextEquiv>
                </pc:Word>
                <pc:Word id="region0005_line0024_word0010">
                    <pc:Coords points="1334,2035 1387,2035 1387,2071 1334,2071"/>
                    <pc:TextEquiv conf="0.767090225219727">
                        <pc:Unicode>&amp;</pc:Unicode>
                    </pc:TextEquiv>
                </pc:Word>
                <pc:TextEquiv conf="0.811951730901545">
                    <pc:Unicode>ſeeri. Sed humores ſunt huiuſinodi quia ex cadem maſſa genetantur &amp;</pc:Unicode>
                </pc:TextEquiv>
            </pc:TextLine>
            <pc:TextEquiv conf="0.84194234918899">
                <pc:Unicode>8 1 8 5 K 5
Hic queritut quid dicat complexionem hic ſedm cõmĩixtionem. Et ꝗd
complexionẽ ſcdm vicinitatem. Ad hoc dicẽdum ꝙ complexio ſcdin
commixtionem applicat᷑ quãdo humores cõmiſcent᷑ adinuicem ſcdm
Jui conuenientiã in qualitatibus. Et talis fit in epate. Complexio vero
ſcdm vicinitatem appellat᷑: quando duo humores prius ſeꝑati obuian
tes ſibiinuicem cõmiſcentur adinuicem obuiando accidentaliter. Com
miſcent᷑ etiam naturali cõmixtione. Sed hec cõmixtio eſt etiam duplex
quedaim ent eſt in qua nulla qualitatũ habet ſuam action. Et iſta com
nixtio poſſibilis eſt in omnibus. Alia eſt qua vtraq; qualitas habet ſuũ
officiũ vel effectum nõ tamen omnino intenſum. Et. hoc modo nõ eſt
poſſibilis mixtio in humoribus. Tercio modo cum miſcent᷑ humores
Intũ ad generationẽ coloris in yrina: &amp; hoc modo non ꝑmiſcentur hu
mores a parte qualitatũ paſſiuarũ: ſed actiuarũ. Et hoc eſt quia qualita
tes actiue dant colote m. Et ſedm hoc non eſt poſlibilis mixtio in omni
bus humoribus. Hic etiã querit de cõmixtione humorũ vtrum.ſ. oẽs bu
motes poſſint ſimul adinuicem naturaliter cõmiſceri. Et videtur ꝙ ſie
qualitates enĩ in elimentis ſunt in vltimo: ſicut dicit Galienus in libro
cõplexionũ. In corꝑe vero humano non ſunt in yltimo nec in humori
bus ſed maiorem habent repugnantiã prout ſunt in vltimo ſue yirtutis
aim prout ſunt confracte: ſed omnia elimenta Pech unt yere permiſceri
ad productionem mixti: ergo multo magis humores poterunt vere
ermiſceri. Ad idem quecunq; ex eadem materia generantur in eodem
E ab eadem virtute ante ſuam ſegregationem nata ſunt permã
ſeeri. Sed humores ſunt huiuſinodi quia ex cadem maſſa genetantur &amp;</pc:Unicode>
            </pc:TextEquiv>
        </pc:TextRegion>
        <pc:TextRegion id="region0006" orientation="-0.863078178170156" readingDirection="left-to-right" textLineOrder="top-to-bottom">
            <pc:Coords points="1470,324 1796,324 1796,425 1470,425"/>
            <pc:TextLine id="region0006_line0000">
                <pc:Coords points="1470,324 1796,324 1796,384 1470,384"/>
                <pc:Word id="region0006_line0000_word0000">
                    <pc:Coords points="1470,348 1481,348 1481,364 1470,364"/>
                    <pc:TextEquiv conf="0.396099700927734">
                        <pc:Unicode>4</pc:Unicode>
                    </pc:TextEquiv>
                </pc:Word>
                <pc:Word id="region0006_line0000_word0001">
                    <pc:Coords points="1500,324 1796,324 1796,384 1500,384"/>
                    <pc:TextEquiv conf="0.37094856262207">
                        <pc:Unicode>ale</pc:Unicode>
                    </pc:TextEquiv>
                </pc:Word>
                <pc:TextEquiv conf="0.383524131774902">
                    <pc:Unicode>4 ale</pc:Unicode>
                </pc:TextEquiv>
            </pc:TextLine>
            <pc:TextLine id="region0006_line0001">
                <pc:Coords points="1470,345 1736,345 1736,425 1470,425"/>
                <pc:Word id="region0006_line0001_word0000">
                    <pc:Coords points="1470,345 1736,345 1736,425 1470,425"/>
                    <pc:TextEquiv conf="0.106047973632813">
                        <pc:Unicode>.</pc:Unicode>
                    </pc:TextEquiv>
                </pc:Word>
                <pc:TextEquiv conf="0.106047973632813">
                    <pc:Unicode>.</pc:Unicode>
                </pc:TextEquiv>
            </pc:TextLine>
            <pc:TextEquiv conf="0.244786052703857">
                <pc:Unicode>4 ale
.</pc:Unicode>
            </pc:TextEquiv>
        </pc:TextRegion>
        <pc:TextRegion id="region0007" orientation="-0.863078178170156" readingDirection="left-to-right" textLineOrder="top-to-bottom">
            <pc:Coords points="1458,533 1706,533 1706,582 1458,582"/>
            <pc:TextLine id="region0007_line0000">
                <pc:Coords points="1537,533 1620,533 1620,545 1537,545"/>
                <pc:Word id="region0007_line0000_word0000">
                    <pc:Coords points="1537,533 1620,533 1620,545 1537,545"/>
                    <pc:TextEquiv conf="0.">
                        <pc:Unicode>.</pc:Unicode>
                    </pc:TextEquiv>
                </pc:Word>
                <pc:TextEquiv conf="1.">
                    <pc:Unicode>.</pc:Unicode>
                </pc:TextEquiv>
            </pc:TextLine>
            <pc:TextLine id="region0007_line0001">
                <pc:Coords points="1458,548 1706,548 1706,582 1458,582"/>
                <pc:Word id="region0007_line0001_word0000">
                    <pc:Coords points="1458,555 1623,555 1623,582 1458,582"/>
                    <pc:TextEquiv conf="0.412770843505859">
                        <pc:Unicode>ci</pc:Unicode>
                    </pc:TextEquiv>
                </pc:Word>
                <pc:Word id="region0007_line0001_word0001">
                    <pc:Coords points="1635,548 1706,548 1706,581 1635,581"/>
                    <pc:TextEquiv conf="0.40740348815918">
                        <pc:Unicode>u</pc:Unicode>
                    </pc:TextEquiv>
                </pc:Word>
                <pc:TextEquiv conf="0.41008716583252">
                    <pc:Unicode>ci u</pc:Unicode>
                </pc:TextEquiv>
            </pc:TextLine>
            <pc:TextEquiv conf="0.70504358291626">
                <pc:Unicode>.
ci u</pc:Unicode>
            </pc:TextEquiv>
        </pc:TextRegion>
        <pc:TextRegion id="region0008" orientation="-0.863078178170156" readingDirection="left-to-right" textLineOrder="top-to-bottom">
            <pc:Coords points="1437,1489 1700,1489 1700,1536 1437,1536"/>
            <pc:TextLine id="region0008_line0000">
                <pc:Coords points="1437,1489 1700,1489 1700,1536 1437,1536"/>
                <pc:Word id="region0008_line0000_word0000">
                    <pc:Coords points="1437,1489 1559,1489 1559,1525 1437,1525"/>
                    <pc:TextEquiv conf="0.005304718017578">
                        <pc:Unicode>ze</pc:Unicode>
                    </pc:TextEquiv>
                </pc:Word>
                <pc:Word id="region0008_line0000_word0001">
                    <pc:Coords points="1570,1502 1589,1502 1589,1536 1570,1536"/>
                    <pc:TextEquiv conf="0.005304718017578">
                        <pc:Unicode>y</pc:Unicode>
                    </pc:TextEquiv>
                </pc:Word>
                <pc:Word id="region0008_line0000_word0002">
                    <pc:Coords points="1607,1505 1700,1505 1700,1532 1607,1532"/>
                    <pc:TextEquiv conf="0.370738983154297">
                        <pc:Unicode>V</pc:Unicode>
                    </pc:TextEquiv>
                </pc:Word>
                <pc:TextEquiv conf="0.127116139729818">
                    <pc:Unicode>ze y V</pc:Unicode>
                </pc:TextEquiv>
            </pc:TextLine>
            <pc:TextEquiv conf="0.127116139729818">
                <pc:Unicode>ze y V</pc:Unicode>
            </pc:TextEquiv>
        </pc:TextRegion>
    </pc:Page>
</pc:PcGts>
