1736 2362
380 1143 507 1215 ?/
184 215 660 303 Der Cardinal
682 203 1398 308 tand Der Patriarchen
1423 205 1601 292 tandt.
148 1380 859 1454 Damit des Bapſts reych wuͤrd geacbt
148 1440 855 1507 Muſt ehꝛs anareyffen gar mit macht
148 1485 852 1563 Vil herren vnd knecht muͤſt er machen
147 1546 809 1613 Die nuͤtz waren zu ſ.ynen ſachen
148 1598 784 1658 dinelrnd andere meh
147 1632 833 1719 er leychen fol ztem areſis  eer
146 1703 828 1768 Die ſeelt gant: reth erlepdet rar
149 1757 837 1833 An der hand r as nettgutcynhar.
895 1388 1601 1468 Damit der Bapſt moͤcht kricen gelt
898 1450 1523 1515 Teylt ehꝛ ſeyn glieder in die welt
901 1496 1601 1577 Durch gut geſtalt vnd frum̃en ſcheyn
899 1556 1600 1628 Welchs ſeyn fiſchhame muſte ſeyn
898 1608 1601 1685 Gekleydt war der o:den gant werß
897 1661 1548 1735 Auch petten ſeh mit allem Neyß
895 1704 1559 1784 From̃ atrtarchen woltens ſern
901 1766 1601 1842 Der ſach ſie galin nuͤreyn ſcheyn.
1345 1828 1581 1892 A um
