1158 1852
438 101 945 157 Geiſtlicher Hirten⸗Lieder
347 150 969 234 Wannes ſich befindt allein /
347 222 1010 293 Und von ſeinem Lieb verirrt:
347 280 891 352 Alſo aͤchtzet fuͤr und fuͤr
347 335 967 420 JEſu meine Seel nach dir.
578 439 754 490 2.
375 481 1059 551 Keine Stunde geht fuͤrbey /
347 535 1013 617 Daß ich nicht gedaͤnk an dich /
348 595 953 668 Oder ja gantz innig ſchrey /
350 652 1021 728 JEſu / JEſu daͤnk an mich:
349 712 923 783 Ach wie lange ſol ich doch
350 765 955 846 Dieſes Elend bauen noch!
600 874 766 933 3.
377 914 1012 988 Eine Seele die dich liebt /
349 971 1089 1052 Wil ſonſt nichts als deinen Kuß:
349 1032 1027 1104 TUnd drumb bin ich ſo betruͤbt /
351 1089 1000 1168 Daß ich den entbehren muß :
352 1145 968 1224 Ach wie lange muß ich ſeyn
352 1200 945 1285 Ein ſo armes Taͤubelein
611 1287 761 1344 4
385 1328 1115 1405 Meine Seel iſt ja die Braut /
355 1387 1036 1462 Die du dir haſt ſelbſt erkohrn /
354 1446 1018 1519 Die dein Vater dir vertraut /
354 1476 1158 1575 Und dein Geiſt hat neugebohrn;
358 1563 920 1637 Ach wie muß ſie ſo allein
363 1604 1116 1701 Und ohn ihren Braͤutgam ſeyn
894 1659 1158 1742 5. Ofſte
