2752 4774
967 259 1298 312 Verzeichnis
1337 260 1428 312 der
1467 261 1767 314 Litteratur.
2434 261 2555 323 535

1205 433 1267 483 H.
1306 433 1521 485 Smith.

241 574 251 587 .
291 538 492 601 Report
531 553 598 588 on
637 538 724 589 the
761 537 946 604 theory
983 537 1037 588 of
1072 539 1334 589 numbers.
1409 539 1617 590 Werke.
1658 537 1804 605 [364]

1061 692 1117 742 L.
1157 692 1655 761 Stickelberger.

240 836 250 847 .
292 797 464 849 Ueber
499 798 613 849 eine
649 796 1204 865 Verallgemeinerung
1239 798 1329 848 der
1363 797 1736 867 Kreisteilung.
1800 798 1953 849 Math.
1982 798 2118 850 Ann.
2158 799 2251 850 Bd.
2278 798 2362 849 37.
2407 797 2552 849 1890.

288 883 440 947 [387]

1221 1039 1275 1090 F.
1313 1039 1496 1092 Tano.

237 1187 248 1199 .
289 1147 390 1200 Sur
427 1146 682 1212 quelques
724 1143 1012 1197 theoremes
1050 1143 1113 1195 de
1151 1143 1418 1196 Dirichlet.
1491 1145 1674 1198 Journ.
1712 1145 1794 1197 für
1832 1146 1988 1198 Math.
2026 1146 2123 1198 Bd.
2156 1145 2269 1198 105.
2309 1143 2457 1209 [285]

1189 1299 1251 1350 H.
1290 1299 1535 1353 Weber.

236 1449 246 1460 ‚
286 1408 509 1462 Theorie
536 1409 628 1460 der
652 1404 966 1459 Abel’schen
992 1404 1323 1471 Zahlkörper.
1375 1406 1502 1458 Acta
1526 1407 1680 1459 Math.
1709 1405 1802 1458 Bd.
1830 1407 1860 1458 8
1887 1408 1994 1458 und
2021 1407 2068 1459 9.
2102 1406 2231 1459 1886
2259 1406 2369 1459 und
2401 1404 2550 1457 1887.

289 1496 434 1564 [339,
472 1494 597 1562 376]

235 1624 246 1636 .
283 1584 458 1636 Ueber
494 1582 771 1634 Abel’sche
808 1581 1127 1647 Zahlkörper
1166 1580 1360 1632 dritten
1396 1582 1506 1633 und
1545 1583 1743 1633 vierten
1782 1580 1999 1632 Grades.
2074 1580 2432 1646 Sitzungsber.
2462 1578 2552 1629 der

288 1672 409 1724 Ges.
450 1688 538 1722 zur
574 1670 879 1737 Förderung
918 1669 1010 1720 der
1045 1667 1274 1719 Naturw.
1313 1684 1374 1717 zu
1409 1668 1664 1735 Marburg.
1744 1667 1892 1719 1892.
1932 1665 2079 1734 [390]

233 1799 244 1811 .
285 1758 834 1812 Zahlentheoretische
898 1756 1371 1822 Untersuchungen
1441 1772 1531 1806 aus
1605 1756 1719 1806 dem
1784 1755 2001 1807 Gebiete
2065 1754 2155 1806 der
2216 1754 2549 1821 elliptischen

283 1846 631 1898 Functionen.
724 1844 910 1896 Nachr.
958 1844 1049 1895 der
1096 1843 1160 1893 K.
1201 1842 1318 1895 Ges.
1358 1841 1450 1893 der
1495 1843 1655 1894 Wiss.
1695 1859 1758 1893 zu
1806 1841 2108 1909 Göttingen.
2184 1842 2337 1894 1893.
2407 1841 2551 1904 (Drei

287 1933 696 2001 Mitteilungen.)

232 2062 245 2076 .
283 2021 562 2074 Lehrbuch
609 2021 701 2072 der
746 2021 990 2089 Algebra.
1063 2017 1158 2069 Bd.
1186 2018 1233 2069 2.
1306 2016 1708 2085 Braunschweig
1751 2016 1897 2068 1896.
1937 2015 2077 2083 [318,
2115 2016 2230 2080 333,
2268 2016 2389 2081 376,
2426 2014 2550 2081 390]

1127 2176 1182 2227 P.
1222 2174 1602 2227 Wolfskehl.

234 2326 244 2336 .
287 2284 521 2347 Beweis,
571 2282 692 2335 dass
734 2284 823 2334 der
858 2282 1037 2333 zweite
1074 2280 1259 2332 Factor
1297 2280 1385 2331 der
1421 2278 1832 2331 Klassenanzahl
1869 2279 1950 2329 für
1989 2279 2073 2330 die
2114 2294 2206 2329 aus
2246 2278 2348 2330 den
2387 2277 2551 2329 elften

282 2374 392 2424 und
423 2371 763 2424 dreizehnten
791 2368 1255 2421 Einheitswurzeln
1293 2367 1593 2434 gebildeten
1625 2365 1822 2417 Zahlen
1859 2365 2029 2431 gleich
2069 2367 2179 2417 eins
2217 2366 2302 2418 ist.
2363 2365 2547 2416 Journ.

280 2461 364 2512 für
400 2460 557 2512 Math.
599 2458 696 2511 Bd.
727 2459 806 2510 99.
852 2457 1000 2510 1885.
1038 2455 1204 2522 [364].
