2752 4775
515 1434 1182 1525 Verzeichnis
1241 1435 1416 1525 der
1473 1435 2320 1541 Begriffsnamen.

283 1583 365 1621 Die
393 1583 473 1620 den
505 1581 840 1629 Begriffsnamen
870 1580 1107 1629 beigefügte
1136 1582 1237 1619 Zahl
1264 1581 1508 1620 bezeichnet
1534 1581 1749 1628 diejenige
1777 1581 1892 1619 Seite
1920 1583 1993 1621 des
2026 1582 2258 1627 Berichtes,
2288 1581 2360 1618 auf
2385 1583 2568 1619 welcher

351 1645 542 1683 derselbe
570 1655 664 1682 zum
693 1649 832 1682 ersten
861 1644 946 1682 Mal
973 1645 1206 1692 gebraucht
1232 1645 1352 1683 wird.
1408 1643 1495 1681 Auf
1520 1645 1659 1683 dieser
1686 1645 1799 1682 Seite
1827 1645 1883 1682 ist
1909 1645 1985 1683 der
2015 1645 2145 1682 Name
2173 1644 2252 1682 fett
2278 1644 2484 1691 gedrueckt,

1133 1717 1219 1754 und
1247 1718 1322 1755 der
1348 1716 1511 1764 Begriff
1535 1717 1709 1756 erklärt,

1255 1836 1371 1875 Seite

217 1906 521 1959 Abel’scher
557 1905 764 1972 Körper
804 1942 815 1953 .
875 1940 883 1942 -
1086 1908 1365 1960 261

215 1989 553 2054 aequivalent
578 1992 725 2053 (zwei
753 1990 926 2042 Ideale
966 1990 1244 2058 einander)
1269 1994 1371 2045 223

216 2077 549 2140 aequivalent
567 2080 712 2142 (zwei
733 2077 950 2130 Moduln
970 2077 1244 2141 einander)
1269 2080 1370 2132 245

216 2165 579 2232 algebraiscbe
618 2168 746 2219 Za
1087 2174 1367 2225 177

215 2251 453 2316 ambiger
489 2250 745 2317 Complex
805 2287 817 2299 .
875 2282 887 2294 -
946 2279 957 2290 -
1015 2279 1027 2290 -
1085 2282 1097 2293 .
1159 2292 1165 2298 .
1227 2256 1369 2308 ,467

214 2340 449 2407 ambiges
512 2341 657 2394 Ideal
727 2343 819 2405 (im
882 2339 1246 2394 Galois’schen

282 2431 1371 2499 Körper)...
663 2427 698 2470 -
1003 2431 1371 2490 M77

215 2517 450 2583 ambiges
489 2518 634 2570 Ideal
692 2517 783 2581 (im
835 2517 1244 2582 quadratischen

283 2610 547 2678 Körper).
594 2643 607 2658 «
668 2641 742 2644 --
1228 2615 1372 2663 302

214 2692 451 2759 ambiges
490 2692 636 2745 Ideal
684 2694 774 2760 (im
813 2693 1247 2744 Kummer'schen

283 2781 676 2848 Körper)...
734 2808 746 2819 «+
805 2807 1170 2828 «e,
1228 2783 1373 2835 444

213 2869 420 2937 ambige
456 2869 784 2922 Idealklasse
824 2868 937 2932 (des
976 2869 1243 2934 quadrati-

285 2961 446 3012 schen
482 2958 741 3026 Körpers)
804 2996 817 3007 .
1186 2999 1240 3015 __,
1272 2964 1373 3015 803

214 3043 420 3111 ambige
447 3043 636 3096 Klasse
668 3045 784 3108 (des
811 3042 1245 3096 Kummer’schen

282 3132 1371 3198 Körpers)
601 3130 635 3198 .
667 3136 700 3190 «<
737 3136 775 3190 «+
803 3136 841 3190 «
873 3136 911 3191 «
948 3136 977 3190 «
1013 3132 1371 3191 «445

215 3222 451 3288 ambiges
491 3222 885 3274 Primideal.
1018 3255 1026 3257 -
1229 3229 1370 3281 M77

213 3445 367 3498 Basis
408 3445 500 3499 der
538 3444 978 3499 Einheitenschar
1016 3481 1028 3492 .
1085 3475 1098 3488 -
1156 3478 1169 3490 -.
1228 3485 1240 3498 ,.
1270 3448 1372 3500 443

211 3529 365 3582 Basiîs
405 3529 498 3581 des
530 3528 746 3581 Ideals.
810 3564 815 3569 -
875 3534 1372 3586 ----.,182

211 3616 365 3669 Basis
404 3617 498 3669 der
535 3614 917 3668 Klassenschar
945 3652 958 3664 .
1015 3648 1027 3660 -
1085 3645 1098 3656 -
1156 3648 1169 3661 «
1227 3656 1239 3668 ,
1271 3619 1370 3670 446

212 3705 365 3758 Basis
410 3705 502 3759 des
542 3706 774 3772 Körpers
804 3741 818 3754 .
1017 3738 1025 3740 -
1160 3710 1369 3762 181

211 3796 367 3850 Basis
418 3797 511 3848 des
557 3795 1096 3863 Ringes...
1229 3801 1369 3854 ,237

212 3886 365 3938 Basis
406 3885 499 3937 des
534 3884 888 3952 Ringideals.
1020 3920 1025 3921 -
1228 3929 1240 3941 ,
1272 3889 1372 3942 238

212 3971 432 4023 Bereich
455 3987 496 4023 s.
519 3970 933 4033 Rationalitäts-,
957 3969 1290 4036 Integritäts-

287 4059 495 4110 bereich

213 4148 631 4201 Bernoulli’'sche
669 4149 919 4201 Zan.
1054 4179 1061 4181 -
1123 4181 1132 4184 -
1191 4188 1204 4200 ,
1269 4151 1368 4201 431

2513 1843 2628 1881 Seitn

1471 1902 2027 1969 Charakterensystem
2070 1903 2161 1955 des
2198 1904 2371 1955 Ideals
2407 1904 2496 1966 (im

1539 1994 1946 2058 quadratischen
1983 1995 2204 2060 Körper)
2270 2032 2281 2043 .
2339 2029 2352 2036 -
2408 2032 2421 2039 -
2479 2038 2491 2049 ,
2527 2000 2627 2051 292

1471 2079 2028 2144 Charakterensystem
2070 2078 2161 2129 des
2189 2078 2361 2130 Ideals
2400 2078 2494 2142 (im

1538 2168 1972 2220 Kummer'schen
1999 2169 2228 2235 Körper)
2264 2208 2273 2217 .
2304 2171 2405 2222 463
2443 2188 2495 2221 u.
2526 2171 2627 2223 465

1470 2256 2027 2320 Charakterensystem
2084 2255 2177 2307 der
2224 2255 2351 2309 Zahl
2409 2256 2499 2321 (im

1541 2344 1951 2409 quadratischen
1999 2346 2224 2410 Körper)
2272 2383 2284 2394 .
2341 2379 2354 2387 -
2411 2383 2424 2389 -
2482 2387 2494 2399 ,
2528 2348 2624 2401 291

1472 2429 2031 2494 Charakterensystem
2087 2429 2180 2481 der
2234 2430 2361 2482 Zahl
2411 2431 2499 2493 (im

1539 2517 1974 2570 Kummer'schen
2010 2518 2236 2582 Körper)
2278 2553 2287 2563 .
2345 2553 2357 2564 .
2415 2555 2426 2563 .
2485 2555 2496 2564 .
2526 2521 2628 2573 462

1472 2609 1848 2662 Coefficienten
1887 2610 1980 2660 der
2016 2611 2213 2661 Form.
2274 2640 2284 2646 -
2343 2639 2354 2645 -
2413 2647 2423 2648 -
2481 2652 2493 2663 ,
2527 2611 2628 2664 235

1472 2690 2628 2757 Complex...
2494 2686 2632 2753 467

1472 2782 1744 2848 Complex,
1794 2780 2073 2848 ambiger.
2133 2814 2143 2823 -
2199 2812 2212 2824 -
2271 2811 2284 2823 «
2342 2813 2354 2825 «
2411 2819 2423 2830 .
2485 2823 2495 2833 .
2524 2788 2625 2840 467

1471 2872 1795 2936 congruent.
1921 2903 1931 2906 .-
1995 2898 2142 2905 ---
2203 2875 2629 2926 ----,183

1469 2955 1768 3024 conjugirte
1806 2955 2145 3010 Formen.
2121 2962 2162 3014 -
2205 2989 2215 2996 -
2277 2989 2287 2994 -
2345 2993 2355 2996 -
2482 2962 2629 3013 186

1472 3045 1798 3114 conjugirtes
1828 3041 2038 3103 Ideal.
2130 3053 2622 3104 ---,191

1472 3130 1769 3200 conjugirte
1805 3135 2425 3201 Körper...
2482 3140 2629 3192 ,178

1472 3220 1771 3289 conjugirte
1808 3224 2013 3276 Zahlen
2073 3261 2075 3273 .
2132 3258 2142 3261 -
2201 3255 2211 3258 -
2274 3255 2283 3259 -
2484 3266 2495 3279 ,
2529 3230 2628 3281 178

1472 3311 1768 3377 cyklischer
1802 3312 2013 3377 Körper
2063 3347 2075 3359 .
2131 3344 2143 3350 -
2206 3340 2215 3347 -
2273 3342 2286 3347 -
2343 3345 2355 3350 -
2414 3348 2425 3351 .
2482 3354 2495 3366 ,
2526 3315 2628 3369 262

1471 3492 1797 3559 Dichtigkeit
1857 3528 1861 3539 .
1990 3524 2003 3529 --
2060 3520 2212 3529 ---
2271 3522 2283 3529 -
2344 3523 2355 3529 «
2479 3534 2492 3546 ,
2526 3496 2627 3545 264

1471 3572 1900 3625 Dirichlet’scher
1937 3570 2394 3637 biguadratischer

1540 3659 1722 3733 Körper
1764 3680 1792 3714 -
1847 3700 1850 3711 -
2063 3667 2624 3719 6321

1471 3749 1900 3803 Dirichlet’scher
1935 3750 2169 3815 Körper,
2219 3749 2500 3813 specieller
2526 3751 2623 3804 321

1472 3839 1758 3894 Differente
1799 3838 1890 3889 des
1929 3838 2160 3904 Körpers
2206 3872 2215 3882 .
2274 3872 2286 3877 -
2344 3875 2355 3878 -
2486 3880 2495 3888 .
2526 3841 2624 3895 201

1471 3929 1758 3982 Differente
1808 3928 1901 3980 der
1939 3929 2069 3982 Zal
2135 3960 2216 3975 .-
2279 3958 2286 3961 -
2348 3960 2357 3963 -
2485 3969 2496 3980 ,
2530 3934 2627 3983 179

1472 4010 1879 4064 Diseriminante
1920 4047 1932 4060 .
1997 4044 2003 4046 -
2064 4041 2072 4044 -
2131 4040 2141 4044 -
2203 4043 2210 4044 -
2415 4014 2627 4066 194

1470 4100 1876 4154 Discriminante
1916 4100 2013 4154 der
2048 4102 2198 4154 Form
2273 4134 2286 4147 .
2414 4103 2627 4158 235

1471 4189 1876 4243 Discriminante
1924 4190 2020 4243 der
2055 4189 2409 4243 Modulklasse
2481 4229 2495 4242 .
2527 4191 2626 4244 246

1470 4276 1877 4330 Discriminante
1927 4277 2020 4330 des
2068 4275 2272 4343 Ringes
2345 4312 2358 4325 .
2416 4315 2426 4317 -
2484 4319 2496 4332 ,
2527 4281 2625 4336 237

1471 4366 1877 4420 Discriminante
1925 4367 2022 4419 der
2074 4368 2199 4419 Zahl
2274 4402 2287 4418 .
2418 4371 2627 4420 180
