2752 4775
314 1408 933 1506 Druckfehler,
999 1405 1759 1507 Berichtigungen
1819 1406 2009 1491 und
2069 1406 2459 1491 Zusätze.

276 1699 391 1750 177.
476 1694 593 1748 Z.3
632 1710 677 1744 wv.
716 1708 767 1741 u.
843 1691 982 1743 Statt
1022 1679 1232 1754 „diese“
1274 1691 1398 1742 lies:
1440 1687 1593 1751 „eine
1633 1691 1855 1743 solche“

275 1802 388 1840 180.

280 1886 392 1933 182.
475 1886 530 1933 Z.
559 1884 608 1933 5.
682 1881 827 1941 Füge
867 1880 954 1930 ein
996 1877 1286 1941 „[Kummer
1303 1887 1339 1925 5,
1359 1886 1437 1941 6]<

278 1968 393 2021 185.
473 1970 529 2020 Z.
560 1968 640 2020 11.
714 1966 834 2016 Man
872 1964 964 2014 bat
1000 1964 1229 2015 nämlich
1278 1964 1383 2017 den
1421 1964 1686 2017 Hülfssatz
1715 1961 1746 2013 2
1785 1963 1875 2014 auf
1922 1959 2227 2029 diejenigen
2265 1964 2391 2014 zwei
2429 1963 2601 2015 Func-

473 2046 657 2095 tionen
694 2044 785 2095 der
822 2044 978 2096 einen
1003 2044 1456 2096 Veränderlichen
1493 2060 1526 2090 +
1563 2041 1936 2105 anzuwenden,
1975 2041 2167 2093 welche
2207 2058 2303 2094 aus
2330 2044 2379 2092 /
2411 2044 2523 2098 und
2552 2043 2600 2093 R

283 2442 306 2471 1

275 2598 393 2650 200.
476 2599 533 2650 Z.
561 2596 698 2648 T—5
735 2610 781 2644 v.
822 2609 875 2643 u.
947 2591 1228 2645 Inwiefern
1269 2591 1446 2644 Ideale
1505 2592 1651 2644 eines
1700 2592 1933 2657 Körpers
1971 2591 2003 2639 &
2056 2589 2298 2656 zugleich
2344 2590 2477 2641 auch
2523 2591 2602 2642 als

474 2675 656 2731 Ideale
709 2674 855 2726 eines
904 2674 1139 2727 höheren
1184 2673 1419 2741 Körpers
1467 2670 1759 2741 aufgefasst
1808 2673 2017 2725 werden
2065 2673 2295 2735 können,
2343 2672 2468 2724 wird
2516 2674 2610 2724 auf

472 2771 523 2824 S.
552 2770 656 2823 204
694 2770 747 2821 Z.
780 2766 982 2820 12—19
1023 2761 1604 2830 auseinandergesetzt.
1677 2764 1799 2833 Vgl.
1836 2764 2085 2817 überdies
2121 2764 2223 2816 den
2263 2764 2378 2816 hier
2401 2763 2603 2831 folgen-

276 2950 392 3002 204.
477 2950 533 3000 Z.
567 2947 786 3000 12—19.
869 2946 1002 2997 Dass
1045 2945 1137 2997 wir
1183 2944 1479 3012 berechtigt
1524 2942 1661 3006 sind,
1708 2944 1866 2993 unter
1911 2942 2016 2994 den
2063 2941 2444 3008 angegebenen
2481 2942 2601 2994 Um-

475 3028 704 3081 ständen
741 3021 844 3094 (&,,
884 3054 993 3080 «+-+,
1031 3024 1107 3095 &)
1147 3025 1386 3093 zugleich
1413 3027 1490 3081 als
1527 3028 1615 3083 ein
1639 3027 1784 3079 Ideal
1816 3027 1874 3079 in
1907 3027 1939 3076 &
1964 3028 2073 3079 und
2108 3028 2164 3079 in
2202 3027 2261 3077 X
2285 3024 2604 3086 anzusehen,

475 3120 614 3171 lehrt
664 3118 752 3169 der
790 3116 1040 3185 folgende
1082 3117 1227 3171 Satz:
1284 3119 1463 3171 Wenn
1502 3129 1578 3182 &j,
1619 3143 1726 3167 ---,
1766 3126 1820 3184 %,
1864 3114 1975 3165 und
2014 3112 2111 3185 af,
2151 3149 2260 3174 ...,
2299 3110 2376 3184 «%
2439 3126 2605 3180 ganze

476 3204 674 3258 Zahlen
710 3204 766 3254 in
802 3204 835 3253 &
874 3202 1010 3265 sind,
1060 3219 1119 3255 s0
1159 3203 1281 3255 dass
1317 3201 1385 3262 in
1436 3205 1463 3255 X
1517 3205 1600 3257 die
1647 3203 1837 3255 beiden
1874 3202 2053 3255 Ideale
2116 3199 2135 3265 J
2163 3222 2200 3243 =
2244 3200 2341 3268 (&,,
2382 3227 2488 3253 ‘++,
2532 3193 2605 3267 &,)

473 3295 586 3346 und
645 3292 707 3359 J*
728 3316 765 3337 =
814 3289 905 3366 (œt
1055 3327 1092 3353 ‘,
1134 3291 1242 3364 X)
1292 3290 1386 3342 mit
1434 3289 1689 3343 einander
1725 3289 2208 3353 übereinstimmen,
2256 3303 2313 3341 80
2361 3289 2606 3340 stimmen

479 3383 610 3434 auch
638 3382 696 3435 in
731 3384 762 3433 &
801 3384 886 3436 die
912 3382 1108 3436 beiden
1133 3382 1310 3435 Ideale
1349 3379 1368 3449 j
1393 3401 1438 3423 =
1476 3376 1576 3449 («,,
1617 3410 1730 3423 .-..
1768 3375 1844 3450 &,)
1882 3382 1993 3433 und
2029 3378 2304 3451 j*=(af,
2343 3414 2451 3440 .….,
2490 3378 2606 3451 a)

473 3469 572 3519 mit
609 3466 865 3520 einander
901 3465 1139 3518 überein.
1213 3465 1276 3518 In
1323 3468 1417 3521 der
1463 3467 1615 3528 That,
1654 3478 1839 3531 wegen
1887 3466 1982 3519 der
2019 3466 2453 3528 Voraussetzung
2489 3461 2604 3528 gilt,

279 4285 309 4315 2

478 2134 771 2195 entstehen,
810 2148 965 2184 wenn
1003 2147 1126 2184 man
1165 2131 1314 2183 darin

638 2246 691 2294 u
713 2244 849 2287 =2,
921 2246 976 2297 u
1001 2249 1069 2273 =
1088 2220 1256 2297 H
1331 2243 1387 2299 u,
1409 2250 1475 2274 =
1496 2220 1702 2287 +1

1706 2278 1719 2301 dj

471 2332 713 2381 einsetzt.

2010 2244 2065 2276 uU,
2084 2244 2148 2255 =
2165 2194 2462 2268 g(m+r—1

315 2422 397 2473 92.
478 2422 535 2472 Z.
563 2421 612 2470 9.
686 2416 831 2484 Füge
869 2416 1055 2465 hinzu:
1108 2419 1555 2482 „vorausgesetzt,
1607 2415 1729 2466 dass
1770 2426 1801 2467 a
1847 2416 1957 2467 und
1994 2415 2023 2469 b
2064 2431 2127 2465 zu
2173 2412 2429 2466 einander
2469 2415 2603 2480 prim

476 2510 627 2556 81nd“

477 2861 583 2912 den
622 2859 813 2933 Zusatz
852 2876 916 2912 zu
955 2861 1006 2910 8.
1036 2862 1156 2910 204.

483 4178 568 4230 die
608 4175 908 4241 Gleichung
941 4171 960 4239 j
991 4196 1028 4220 =
1069 4178 1117 4240 j*

315 4269 398 4321 38.
476 4268 532 4320 Z.
562 4263 782 4319 12—13.,
860 4264 1019 4317 Statt:
1064 4262 1152 4326 „in
1183 4262 1426 4315 welchem
1463 4276 1524 4328 4,
1565 4286 1673 4316 ‘‘‘»
1713 4269 1773 4325 ‘,,
1818 4258 1903 4314 die
1929 4261 2083 4316 Basis
2120 4261 2266 4315 eines
2294 4259 2609 4329 Ringideals

484 4349 697 4405 bilden“
738 4348 864 4401 lies:
923 4343 1013 4409 „yin
1060 4346 1323 4409 welchem,
1380 4359 1533 4398 wenn
1569 4345 1618 4395 4
1675 4344 1792 4397 eine
1839 4341 2088 4412 geeignet
2141 4344 2400 4413 gewählte
2446 4355 2610 4412 ganze

472 1794 530 1844 Z.
561 1793 640 1844 14.
715 1791 854 1844 Statt
895 1787 1306 1850 „bestimmende
1346 1791 1503 1843 Zahl“
1546 1792 1672 1842 lies:
1716 1785 2125 1848 „bestimmende
2166 1800 2330 1851 ganze
2370 1790 2540 1842 Zahl“

475 3577 630 3613 wenn
672 3560 737 3612 «æ*
773 3561 892 3614 eine
931 3560 1023 3612 der
1059 3561 1260 3613 Zahlen
1299 3558 1394 3633 of,
1506 3594 1542 3619 .,
1585 3558 1661 3630 a%
1705 3559 1976 3625 bedeutet,
2017 3558 2133 3611 eine
2169 3558 2465 3624 Gleichung
2501 3571 2607 3609 von

476 3645 573 3697 der
610 3643 814 3698 Gestalt
861 3641 1009 3695 a*=
1054 3643 1187 3711 4a,
1211 3644 1414 3696 ++
1449 3640 1598 3710 4%,
1647 3651 1722 3688 WO
1760 3637 1863 3708 Ay»
1903 3669 2014 3699 +.)
2051 3637 2124 3708 A,
2170 3639 2393 3704 gewisse
2439 3652 2605 3705 ganze

476 3731 677 3784 Zahlen
722 3729 779 3782 in
815 3731 875 3781 X
917 3730 1055 3784 sind.
1131 3732 1309 3785 Wenn
1355 3728 1449 3780 wir
1495 3744 1608 3780 nun
1653 3743 1757 3780 von
1793 3727 1986 3782 beiden
2024 3728 2204 3781 Seiten
2251 3728 2424 3781 dieser
2462 3726 2606 3782 Glei-

478 3819 656 3885 chung
709 3818 792 3873 die
831 3819 1188 3873 Relativnorm
1235 3819 1437 3881 bilden,
1487 3833 1545 3870 s0
1591 3817 1861 3870 erkennen
1899 3817 2008 3882 wir,
2059 3817 2178 3870 dass
2224 3819 2295 3870 im
2334 3817 2540 3885 Körper
2577 3818 2609 3867 &

476 3898 563 3948 die
592 3896 722 3950 Zahl
760 3882 847 3951 «&”
896 3894 1060 3949 durch
1095 3889 1141 3965 j”
1185 3894 1378 3948 teilbar
1418 3897 1533 3945 sein
1570 3910 1742 3955 muss;
1781 3895 2179 3960 infolgedessen
2214 3896 2288 3944 ist
2313 3895 2370 3943 in
2405 3896 2437 3940 %
2475 3894 2608 3944 auch

338 3991 370 4044 \
480 3994 542 4047 œ*
583 3992 745 4046 durch
780 3989 801 4058 j
837 3989 950 4043 und
990 3990 1154 4043 daher
1180 3992 1312 4044 auch
1349 3991 1398 4061 f*
1437 3992 1597 4044 durch
1634 3990 1652 4058 j
1689 3990 1896 4043 teilbar.
1968 3991 2049 4042 Da
2074 3990 2131 4041 in
2168 3988 2400 4057 gleicher
2424 3991 2607 4058 Weise

483 4084 578 4136 das
619 4080 972 4150 Umgekehrte
1011 4080 1223 4148 gezeigt
1258 4081 1470 4134 werden
1507 4078 1667 4143 kann,
1706 4095 1764 4132 s0
1803 4080 1976 4133 haben
2012 4081 2106 4133 wir
2140 4078 2448 4148 notwendig
2484 4079 2542 4132 in
2578 4082 2611 4131 &
