1154 1852
440 104 698 261 ae“

168 205 259 337 Der
268 198 447 326 Gsefänge
459 260 549 311 nach
560 258 640 306 dem
645 252 917 340 anfabenden

388 311 648 398 ‚Sudfaben,
651 322 774 380 DD

221 1753 250 1776 <

848 403 892 419 A
910 397 981 448 nn

915 1526 978 1568 196
1017 1534 1097 1559 AM

833 1646 924 1755 2
933 1683 976 1757 fr
1055 1679 1080 1725 Se
1088 1687 1097 1740 |

42 464 205 510 ED
216 428 382 505 den
384 433 493 505 Batbor
517 429 662 551 Denialet
677 509 691 547 -
681 462 765 500 SE
768 439 893 549 Pa
915 465 985 520 348

161 508 213 543 Ych
220 506 436 551 fagt
292 502 343 554 mir
349 506 426 551 nicht
708 491 750 544 Se
758 532 765 542 x
928 518 1010 554 273.
1094 545 1097 552 |

144 564 146 567 '
164 546 209 595 Ach
225 546 278 579 was
291 548 367 588 eh
378 557 412 583 dur
419 553 482 593 auff
486 558 533 589 der
540 551 591 595 At
919 561 983 590 212

59 546 205 621 ba
205 590 276 620 Fort
284 594 329 623 die
329 592 391 632 Zeit
397 591 510 662 pa
542 598 574 616 SE
671 626 831 639 Se
938 597 1006 639 4

81 628 171 678 wer
185 632 237 670 gibt
253 634 298 664 mir
601 641 982 685 Ss

52 664 213 703 ÄAmordas
223 674 323 710 werthe
330 652 480 724 SEfulein,
950 684 988 721 53

85 711 124 749 Wit
133 711 189 759 auff
204 718 266 752 mein
276 716 354 755 Ders
883 727 988 769 29%

67 752 239 840 Te
232 756 318 826 Sri
328 762 384 807 und
393 747 563 832 Seitenfpieß
688 770 752 814 A
922 768 982 828 385

37 906 139 964 Si
140 914 274 962 veMfagt
243 902 277 968 du
286 897 507 978 Kaifer-Banpe
536 940 559 947 =
659 928 798 970 SE
926 939 981 977 357

90 961 115 998 {8
125 963 254 1002 gegrüffet
263 970 317 996 und
320 962 434 1018 ‚gefüffet
647 974 761 1012 BC
904 976 998 1018 68

56 990 120 1037 Die
119 1006 228 1045 gegrüft
237 1010 277 1039 du
288 1002 547 1055 Königs-Kammer
575 1019 616 1044 Sr
716 1023 718 1025 ;
839 1016 1003 1061 268.

59 1024 114 1085 Bis
124 1047 231 1085 gegrüff
245 1050 315 1089 mein
325 1047 563 1085 Önaden-Ihroft
592 1057 631 1067 *
753 1049 821 1096 N
864 1052 980 1093 1164

121 1077 296 1151 willfommen
309 1089 410 1169 ine
419 1090 549 1151 Sreind-
916 1101 979 1136 2099

261 1171 634 1244 Ra
907 1238 994 1247 2

59 1200 175 1286 Rüpio
186 1251 290 1294 blindes
303 1248 389 1285 Kind
927 1263 1016 1310 nr

44 1368 121 1415 Das
133 1363 320 1434 neugebobene
335 1369 501 1422 Kindelein
876 1390 979 1439 VE

39 1411 132 1486 Dein
137 1431 211 1468 eigne
222 1430 288 1461 Erebe
298 1423 409 1482 ztwinget
422 1431 490 1478 mich

57 1463 122 1527 Do
130 1460 219 1508 Ef
226 1471 305 1502 toben
315 1476 364 1505 wir
920 1484 979 1518 376

56 1509 108 1568 De
115 1505 202 1542 Seele
213 1510 317 1548 Chrifti
320 1505 403 1552 heilge
412 1513 485 1558 mid)

56 1549 108 1608 De
117 1548 299 1589 Sonnetomt
312 1555 394 1590 heran
929 1572 975 1601 33

55 1573 166 1710 Seil
178 1593 290 1630 numehr
298 1598 337 1626 die
355 1588 445 1645 finffer
466 1588 546 1645 Nacht
922 1608 978 1643 363

83 1629 104 1689 N
93 1630 305 1719 Sohamie
314 1639 365 1671 den
375 1638 411 1694 ich
383 1636 558 1719 ee
919 1655 982 1688 259

494 1688 508 1713 C
