1158 1852
450 109 640 111 GBeifticher
665 88 871 158 Sirtenstieder

351 180 495 233 ABannes
502 170 617 228 fich
627 172 763 225 befinde
772 165 905 217 allein/

351 238 454 287 Tind
465 245 531 291 von
548 236 667 286 feinem
682 229 765 280 Sieb
781 229 935 275 verirrts

281 300 283 303 “
353 296 450 347 Alfo
460 293 580 344 dchket
595 288 817 345 fürundfür

329 350 602 416 SEfumeine
611 346 709 392 Seel
719 346 807 396 nach
824 340 936 402 dire

297 494 567 560 ‘Keine
576 487 981 548 Stunde
748 487 825 560 geht
839 487 981 548 fürben/

280 563 282 568 —
358 547 947 611 Daßichniche
646 542 772 611 gedänF
795 542 840 611 an
848 542 955 611 dich)

267 614 470 663 Der
479 613 518 663 ja
537 614 624 661 gang
638 606 735 656 innig
753 603 855 663 (chren
874 609 897 649 /

303 663 637 731 SJEf
528 657 587 731 IE
611 657 636 731 u
654 661 751 718 dank
766 655 960 716 anmiche.

306 726 438 785 Ach
454 725 515 767 wie
517 719 696 774 lange
644 715 700 785 fol
708 719 763 770 ich
773 713 866 775 doch.
1010 713 1134 735 BE

348 783 498 848 Diefes
508 777 633 843 Elend
641 779 756 824 bauen
762 777 847 829 noch
857 774 875 834 !

385 959 409 987 x
441 931 558 980 ‚Eine
575 885 680 983 Seele
693 881 819 992 diedieh
832 922 935 970 liebe

220 1024 288 1049 DA
360 992 459 1041 Nil
477 977 561 1049 fonft
570 987 686 1038 nichts
702 984 757 1033 als
775 984 895 1032 deinen
921 977 1043 1035 Ruß:

314 1080 316 1082 —
361 1051 464 1108 Zind
474 1043 732 1107 drumbbinich
743 1038 1034 1093 fobetrübt
954 1036 977 1108 /

250 1120 254 1127 "
363 1108 467 1163 Daß
478 1106 528 1156 ich
539 1094 922 1160 denentbehrenmußs

309 1190 332 1224 —
368 1165 442 1215 Ach
457 1166 520 1207 wie
529 1153 887 1211 langemuß
746 1153 794 1224 ich
809 1153 899 1224 feyn

285 1240 287 1243 —
337 1223 449 1282 Ein
461 1223 627 1276 foarmes
652 1205 875 1282 Zäubelein?

353 1362 362 1389 »
451 1346 599 1396 Meine
607 1336 758 1404 Seel
719 1336 754 1404 if
768 1336 870 1388 jadie
878 1336 1047 1382 Braut/

367 1406 512 1457 Die
468 1393 508 1457 du
521 1407 579 1448 dir
589 1399 674 1456 haft
683 1393 1018 1452 (elbftertohen/,

262 1532 264 1540 —
310 1514 318 1568 .
354 1520 561 1584 Tlnddein
570 1515 680 1577 Seift
690 1517 756 1569 hat
764 1506 1035 1564 neugeboBttz

351 1570 852 1631 "Achwoiemuß
629 1570 676 1631 fie
693 1570 727 1631 fo
735 1570 870 1631 allein

236 1639 478 1692 "Bid
491 1637 568 1692 on
588 1628 693 1692 Brenn
713 1628 876 1689 Dräutga
1146 1672 1148 1682 |

277 1458 280 1465 —
332 1460 538 1513 Diedein
566 1459 677 1507 Bater
686 1459 743 1500 dir
751 1455 944 1510 vertraut
923 1455 945 1519 /
1117 1455 1158 1540 }
