1199 1929
319 135 424 189 rectè
434 145 579 188 exculta
600 145 755 200 pueritia
768 139 1013 198 producit,
987 135 1025 201 àc
1036 140 1132 201 ean⸗

315 205 409 242 dem
424 200 536 254 porrò
547 207 587 242 in
607 203 743 242 omnes
757 200 982 254 grandiores
1001 211 1134 242 ætates

322 259 522 314 Propagat.
916 259 921 280 .
1109 304 1112 307 —

321 339 361 375 5.
418 323 479 364 At
489 322 627 372 nullam
640 320 935 374 Rempublicam
950 321 1051 375 ahſcʒ
1063 320 1161 362 boꝰ

321 374 460 420 norum
471 380 637 418 uirorum
651 374 963 430 adminiſtratione
980 375 1138 430 feliciter

323 432 534 488 gubernari
541 429 644 484 poſſe
654 434 695 470 in
708 429 874 471 confeſſo
885 429 934 470 eſt
944 431 1046 483 apud
1056 444 1139 472 om⸗

324 480 411 545 nes.
808 539 811 541 —

327 559 372 595 &.
431 552 493 595 Bſt
505 552 546 593 &
555 552 627 592 hoc
638 558 743 592 extra
752 563 909 592 omnem
922 560 1138 593 controuer⸗

326 609 439 657 ſiam,
459 609 615 647 morum
636 618 678 644 ac
700 604 900 646 honeſtatis
925 605 1138 658 Magiſtros

325 665 555 703 nullos:item
565 661 707 712 pietatis
719 673 758 699 ac
771 659 1059 712 ueręreligionis
1069 660 1139 700 Do

326 718 454 757 ctores
468 716 591 754 nullos
604 716 703 752 illinc
712 712 855 765 ſperare
869 713 979 765 poſſe,
998 713 1051 753 ubi
1064 712 1140 754 diſ⸗

322 773 464 822 ciplina
485 765 503 807 &
528 767 708 809 inſtitutio
718 766 872 819 puerilis
883 767 982 807 nulla
996 765 1126 809 fuerit.

327 886 376 920 7.
429 868 496 908 At
508 868 575 909 illis
588 866 768 920 nuſquam
791 865 1049 917 exiſtentibus,
1068 871 1142 910 eti⸗

328 940 391 966 am
413 923 554 963 nullam
578 925 673 962 inter
691 923 868 962 homines
891 920 1162 975 honeſtatem,

327 979 474 1021 nullum
499 979 646 1016 uirtutis
657 974 829 1021 ſtudium,
844 975 974 1030 deniqʒ
997 976 1163 1019 nullum

330 1028 463 1074 uerum
474 1030 554 1072 Dei
566 1027 707 1069 cultum
718 1025 790 1067 eſſe
800 1027 943 1069 neceſſe
953 1027 1020 1075 eſt.

330 1137 378 1176 s.
435 1129 498 1172 Eſt
508 1128 599 1182 itaqʒ
607 1129 786 1182 prima,
768 1122 791 1182 &
796 1128 970 1169 maxima
982 1142 1085 1182 cura,
1097 1122 1161 1171 ad

331 1187 518 1241 puerilem
528 1196 677 1224 ætatem
689 1183 790 1222 recte
799 1171 1075 1241 inſtituendam,
1092 1175 1161 1237 ad⸗

301 1241 549 1291 hibenda:ut
560 1251 645 1277 cum
658 1236 917 1288 publicis,
853 1236 912 1291 tum
928 1240 1081 1286 priuatis
1095 1238 1157 1287 ho

326 1300 482 1339 minum
490 1293 618 1342 rebus,
630 1294 666 1345 q;
678 1287 904 1332 fœlicilsime
917 1289 1162 1353 conſulatur.

319 1375 375 1454 9S.
436 1382 620 1435 NMaxime
636 1401 788 1440 uero,
754 1378 797 1451 ut
800 1402 884 1444 quæ
898 1388 946 1429 ad
957 1392 1164 1446 pietatem,

325 1444 378 1497 &
386 1448 611 1502 religionem
621 1449 830 1504 pertinent,
837 1443 907 1486 hac
917 1456 978 1489 uia
989 1456 1072 1505 non
1082 1454 1150 1482 ne⸗

656 1537 657 1540 —
940 1497 1161 1557 gligantur,
