1089 1691
128 111 148 156 .
159 91 232 179 Die
243 94 375 181 ſeeldie
385 84 532 178 ſpricht,
559 89 602 164 Es
611 122 752 175 kumpt
760 123 821 165 die
828 88 924 176 —

157 174 251 226 Das
260 180 330 219 leib
340 184 426 217 vnd
431 177 496 226 ſeel
506 187 586 219 von
597 182 780 225 eynander
791 176 952 227 ſcheydt/

157 226 271 270 Was
279 232 331 279 hil
336 226 393 293 fft
392 230 476 273 dich
485 234 596 268 dann
599 231 688 268 dein
691 226 828 283 groſſer
834 237 940 300 geyt/

137 279 140 315 F.
153 280 231 331 Du
240 279 343 331 můſt
354 282 400 328 zů
412 279 539 327 aſchen
553 281 722 330 werden/

151 328 283 410 Dann
291 338 347 373 du
356 331 427 393 biſt
433 323 611 386 gemacht
617 332 695 384 auß
705 333 843 398 erden.

459 385 483 431 G
501 383 612 426 Leib.
681 383 691 394 .

159 403 313 484 Derletb
330 388 544 499 derſprſchr,
571 434 618 495 Du
645 388 784 499 machſe
802 392 997 483 mieang,
1028 415 1044 452 1

117 485 261 537 Erſt
269 487 369 528 mich
379 486 476 531 nach
485 488 624 540 ewiger
631 484 738 536 freud
749 485 943 540 verlangt/

84 538 342 588 Chriſtus
352 536 450 587 helff
458 540 532 577 mir
541 548 632 583 zum
642 534 826 590 aneſang
810 534 826 590 /

160 589 280 632 Woͤll
289 590 389 632 mich
400 596 491 636 zum
501 588 640 630 Vatter
650 589 834 630 bekeren/

126 631 128 701 —
156 626 297 727 IMeyn
307 651 454 683 trahren
465 640 549 679 will
557 639 631 690 ſich
641 651 780 683 meren.

502 690 644 732 Seele.

462 687 498 741 .1
1015 695 1020 699 ⸗

161 717 239 787 Die
249 744 315 794 ſeel
322 745 382 785 die
391 743 547 805 ſpꝛicht/
553 742 637 805 Ich
646 742 749 793 treyb
758 734 841 783 kein
850 740 876 790 ſe
867 690 1000 792 „—

104 799 271 849 Goit
280 795 413 860 foꝛdert
429 798 485 843 ein
496 793 731 846 zerknuͤrſtes
735 796 847 852 hertz,

103 867 220 888 Der
242 842 319 889 leib
329 847 420 897 müůß
430 842 490 895 hie
499 843 692 896 abſterben
700 848 826 893 durch
827 843 999 898 ſchmertz

147 898 332 941 Danner
328 898 388 949 iſt
395 898 545 949 zeytlich
552 899 731 949 geboꝛen/

161 951 255 998 Den
259 949 452 998 Wuͤrmen
460 950 701 998 außerkoꝛen.

323 1007 329 1033 .
512 1002 629 1044 Ceib.

138 1104 140 1107 —
164 1027 244 1095 Der
252 1023 325 1095 18
335 1056 399 1099 der
408 1051 600 1103 ſpꝛicht/
587 1043 603 1107 O
612 1051 715 1093 Gott
724 1047 825 1092 mein
836 1049 949 1101 Herr
933 1043 949 1107 /

143 1104 278 1154 Hilff
280 1110 356 1148 das
364 1104 424 1150 jch
435 1103 536 1144 mich
547 1100 665 1154 durch
675 1102 869 1153 Chꝛiſtum
882 1100 1003 1142 beker⸗

164 1159 385 1216 Ohexliger
397 1154 514 1205 Geiſt
524 1154 632 1205 meyn
642 1155 809 1206 glauben
819 1165 926 1198 mer
972 1163 973 1166 /

84 1206 275 1261 Hilff
276 1213 374 1250 mirs
381 1207 530 1271 zeytlich
532 1201 729 1255 erleyden/
847 1208 882 1219 —

153 1281 155 1283 S
165 1256 293 1355 Ang
300 1259 414 1321 troſt
408 1271 439 1304 in
448 1260 586 1310 ewiger
589 1250 768 1353 —

371 1314 378 1326 .
435 1311 548 1411 —
552 1323 587 1353 ee
589 1310 637 1365 le.
790 1328 792 1331 —
