1158 1852
450 88 901 158 Geſſllcher
673 88 765 158 Hirten
777 88 977 158 eieden

351 180 495 233 Wann
486 165 519 233 es
520 170 617 228 ſich
627 172 763 225 befindt
772 165 905 217 allein
891 165 905 233 /

351 238 454 287 Vnd
451 229 509 291 von
511 236 673 286 ſeinem
682 229 765 280 Lieb
781 229 1038 275 verirre:

281 296 450 347 Alſlbo
460 293 580 344 aͤchtzet
595 289 658 345 fuͤr
666 292 739 332 und
747 288 817 343 fuͤn

329 350 482 416 JeEſu
490 351 602 395 meine
611 346 709 392 Seel
719 346 807 396 nach
824 340 936 402 dir.

297 494 567 560 Keine
576 487 981 548 Stunde
738 487 820 560 geht
839 487 962 548 fuͤrbey

280 563 325 592 Daß
449 554 514 611 ich
532 542 623 611 niche
641 542 771 611 gedaͤnk
789 551 828 595 an
847 542 931 611 dich
1000 542 1004 548 /

267 614 470 663 Dior
479 613 518 663 ja
527 603 897 661 gantz
641 603 732 663 innig
750 603 867 661 lehrey
1071 639 1075 647 f

303 663 637 731 Jeſu
487 657 507 731 /
526 663 618 724 JEſu
654 661 751 718 daͤnk
766 670 814 704 an
826 655 1082 716 mich!

306 726 438 785 Ach
443 717 499 785 wie
499 719 696 774 lange
635 717 697 785 ſol
708 719 757 770 ich
781 717 866 770 doch
1010 717 1134 735 3

348 783 498 848 Dieſes
508 777 633 843 Elend
641 779 756 824 bauen
762 774 875 834 noch!

385 959 409 987 0
441 931 558 980 Eine
575 928 675 983 Selle
686 885 826 979 diedich
834 922 935 968 lebt

220 1024 288 1049 8
356 977 441 1049 Wil
460 977 558 1049 ſonſt
577 987 686 1038 nichts
707 984 757 1033 als
778 977 902 1049 deinen
1113 1001 1147 1021 Kuß:

314 1051 464 1108 Und
474 1043 732 1107 drumb
609 1036 663 1108 bin
685 1036 724 1108 ich
747 1042 778 1093 ſo
788 1038 1034 1087 betruͤbt
1065 1036 1154 1082 /

250 1108 467 1163 Daß
478 1106 528 1156 ich
539 1110 593 1160 den
611 1094 922 1152 entbehren
971 1110 1102 1134 muß:

309 1190 332 1224 Ach
452 1153 515 1224 wie
536 1153 637 1224 lange
662 1153 718 1224 muß
739 1153 795 1224 ieh
924 1153 929 1208 ſeun

285 1223 449 1282 Ein
460 1223 494 1276 ſo
514 1226 627 1264 armes
649 1207 1158 1261 Taͤubelen?

353 1346 599 1396 Meine
607 1336 758 1404 Seel
711 1336 758 1404 iſt
776 1337 808 1388 ja
829 1336 889 1404 die
878 1336 1047 1382 Braut
1094 1336 1140 1385 /

367 1406 512 1457 Die
459 1393 498 1457 du
521 1407 579 1448 dir
589 1399 674 1456 haſt
683 1395 779 1452 ſelbſt
789 1393 1018 1452 erkohrn
1085 1398 1158 1457 /

262 1514 446 1568 And
468 1520 558 1564 dein
570 1515 680 1577 eiſt
690 1517 756 1569 hat
764 1506 1035 1564 neugebohrn
1008 1506 1035 1584 ;

451 1570 507 1631 wie
538 1570 596 1631 muß
618 1570 668 1631 ſie
686 1574 723 1628 ſo
937 1570 1016 1590 allein

236 1639 478 1692 Und
491 1637 568 1692 ohn
577 1632 683 1691 ihren
703 1628 876 1692 Braͤutga

277 1458 322 1506 Die
448 1460 528 1513 dein
550 1455 658 1519 Vater
686 1459 743 1500 dir
751 1455 944 1510 vertraut
924 1455 948 1519 /
1117 1455 1156 1540 1
