2790 4041
230 400 332 410 i

766 369 1005 431 Sechſtes
1016 369 1163 430 Buch
1176 375 1199 423 /

1233 371 1485 424 Blumen
1464 359 1494 422 -
1500 365 1711 425 Garten.
2116 365 2227 440 S8g

299 442 336 476 P.
347 444 558 490 Auguſtinus
568 445 771 482 Mandirola
787 446 915 487 will/es
930 444 1026 495 follen
1038 447 1072 486 in
1078 442 1220 492 Gârten

263 498 316 532 een
323 490 420 544 Plâb
431 493 648 545 abgeſondert
659 495 749 545 ſeyn/
761 496 811 536 ein
818 501 909 547 gant
919 497 1041 545 freyer/
1049 506 1154 547 gegen
1165 502 1221 540 der

266 549 386 587 nnen
370 543 386 590 /
400 554 456 586 um
467 547 500 586 in
511 540 695 597 Frülmgs-
701 546 818 596 Zeiten
829 552 881 590 die
899 560 932 589 in
940 547 1136 598 Geſchirren
1149 553 1218 592 und

260 585 361 631 denen
376 586 540 641 Gefäſſen
558 591 703 644 ſtehende
713 589 902 644 Gewächſe
918 597 1033 635 darein
1048 603 1086 643 zu
1102 592 1219 643 ſeßen.

260 636 277 673 d
293 638 375 687 deſto
394 641 493 690 beſſer
507 638 562 690 fúr
580 642 636 683 der
665 640 853 690 ſchaurigen
868 643 956 692 Lufſt
974 652 1011 692 zu
1024 642 1218 691 bewahren.

266 699 295 730 er
305 697 425 736 andere
432 695 529 747 Plas
539 695 592 745 ſoll
608 690 764 749 ſchatticht
781 692 845 750 ſeyn
861 709 877 739 /
886 709 942 739 um
955 700 1005 740 die
1012 696 1217 752 Gewächſe/

275 734 386 787 heiſſen
394 739 574 784 Sommer
589 742 722 789 daſelbſt
733 750 769 788 zu
779 744 923 789 erhalten
933 750 946 783 7
962 746 1037 784 und
1052 740 1106 790 für
1117 741 1215 785 úber-

260 782 343 832 ſlger
352 789 601 840 Sonnen-His
611 791 697 842 deſto
705 790 857 840 füglicher
867 804 904 842 zu
912 792 1102 841 verſichern.
1144 795 1214 843 Zſk

276 849 408 885 retivan
428 855 482 887 ein
496 846 592 889 Ort
580 846 591 892 7
606 850 660 887 dex
673 854 762 895 zwar
774 846 978 897 gelegenſam
991 851 1010 897 (
1016 858 1080 889 wie
1090 852 1212 898 gemel-

274 881 291 927 )
310 880 400 933 láge/
413 888 488 928 aber
506 889 611 936 tuchts
629 892 809 937 taugl:ches
831 896 908 930 oder
925 896 1024 937 gutes
1036 901 1059 930 /
1075 893 1213 938 ſondern

255 941 316 976 van
327 941 479 989 moraſtig
488 936 583 981 wäre
591 954 607 983 /
625 945 662 993 iſ
677 943 852 992 derſelbige
871 944 992 995 erſtlich
1003 947 1065 986 mit
1073 945 1212 991 S6and/

1245 457 1302 491 tes
1319 454 1388 493 und
1404 452 1662 502 unfruchtbares
1674 455 1837 505 Erdreich
1855 453 1951 506 hätte
1973 468 1979 499 /
2006 459 2072 499 kan
2088 468 2176 500 man
2193 461 2230 500 de

1244 507 1347 551 Plas
1359 509 1544 556 Knie-tieff
1553 505 1737 558 veſchütten
1750 511 1813 550 mit
1826 516 1918 558 guter
1937 512 2040 557 Acker
2058 517 2134 554 oder
2143 515 2237 560 Wie

1245 555 1456 603 ſen-Erden/
1468 558 1499 596 in
1508 558 1570 595 den
1581 557 1690 605 Form
1699 555 1898 607 abhäng!cht
1906 563 1987 600 oder
1998 560 2094 602 eben
2103 561 2166 601 wie
2176 572 2234 603 ma

1247 607 1301 651 ihn
1307 605 1417 653 haben
1424 609 1515 649 will
1505 603 1522 649 /
1528 610 1605 653 doch
1615 609 1682 658 daß
1691 610 1743 651 die
1750 610 1866 653 Erden
1871 610 2062 659 vorhervol
2077 613 2236 661 durhgra

1243 654 1330 696 ben
1314 651 1333 699 /
1350 663 1416 695 von
1424 659 1515 697 allen
1523 655 1692 706 Wurten
1710 669 1727 698 /
1744 658 1901 704 Steinen
1920 661 1993 700 und
2014 661 2164 705 Unkraut
2188 670 2237 702 gu

1246 709 1311 747 das
1323 708 1577 755 allergenaueſte
1593 708 1768 758 gereiniget
1791 709 1841 758 ſey
1868 719 1874 750 /
1904 713 1974 752 und
1988 711 2106 762 folches
2130 714 2184 760 foll
2206 717 2254 755 im

1243 758 1374 804 Herbſt
1388 757 1583 804 geſchehen
1572 752 1593 799 /
1599 759 1712 800 damit
1729 763 1786 800 der
1792 760 1923 804 Grund
1937 768 2005 801 von
2018 765 2074 803 der
2083 763 2234 808 Winter

1241 805 1394 854 feuchten
1404 805 1616 854 undGefrier
1624 809 1805 856 gemildert
1815 809 1883 850 und
1894 809 2088 861 befeuchtet/
2095 812 2179 862 deſto
2194 813 2232 854 be

1239 864 1377 899 quemer
1397 854 1568 898 Tomme
1549 850 1570 898 7
1599 857 1637 904 fv
1659 859 1724 899 kan
1751 858 1819 908 auf
1833 857 2006 908 folgenden
2031 856 2177 912 Frúling
2201 865 2222 903 d

1243 901 1469 953 Austheilung
1481 903 1570 952 deſto
1581 902 1686 956 beſſer
1695 914 1742 947 an
1760 907 1812 946 die
1819 905 1941 955 Hand
1948 915 2146 955 genommen
2162 918 2232 950 wer

1240 957 1323 996 den.
1368 957 1458 999 Vor
1466 958 1557 996 allen
1565 956 1600 1004 iſt
1611 957 1802 1004 auchdahin
1810 968 1847 1006 zu
1858 957 1950 1005 ſehen
1959 972 1973 1000 ;
1981 960 2048 1010 daß
2059 961 2127 1007 kein
2135 960 2232 1006 Man

364 995 406 1031 nd
427 992 541 1042 grober
561 994 699 1040 Erden
684 997 700 1040 /
720 996 788 1036 und
806 996 934 1046 darauf
947 996 1137 1046 Knie-tieff
1145 1002 1214 1040 mit

353 1053 446 1093 guter
458 1049 523 1089 und
533 1047 790 1099 mittelmäſſiger
798 1051 966 1100 Feld-und
977 1052 1215 1097 Acker-Erden

368 1106 404 1139 1n/
417 1099 495 1140 oder
502 1106 609 1142 wann
619 1110 651 1142 er
661 1097 852 1150 ſtemichtes/
860 1099 1216 1155 ſandichtes-lgimich-

1075 1220 1245 1272 Cav.
1304 1227 1372 1267 Y,

720 1294 881 1357 VDom
903 1295 1084 1358 Brund
1099 1301 1183 1361 des
1201 1293 1441 1363 Blumen
1453 1294 1721 1365 -Baxtens,

357 1400 453 1446 Eilen
469 1407 535 1442 von
545 1401 621 1443 dem
634 1401 762 1447 Grund
775 1404 976 1445 imvierdten
990 1405 1053 1445 und
1060 1401 1208 1456 fünfften

355 1454 458 1499 Buch
467 1455 796 1503 allbereitAnregung
803 1454 1054 1504 geſchehen/mwill
1064 1459 1132 1507 ichs
1145 1461 1208 1499 all-

355 1499 422 1546 hier
440 1500 525 1546 deſto
537 1495 652 1549 Fúrger
665 1501 801 1547 machen
815 1513 828 1541 /
845 1505 911 1542 und
931 1505 1040 1544 indem
1052 1506 1102 1545 die
1112 1505 1208 1547 Kiel-

362 1558 455 1589 men-
465 1544 650 1600 Geivächſe
661 1550 934 1601 unterſchiedener
943 1553 1107 1599 Maturen
1119 1564 1135 1594 7
1159 1562 1207 1594 et-

365 1600 520 1645 g/etliche
533 1608 669 1650 magers
679 1602 836 1648 Erdreich
849 1604 956 1650 haben
967 1606 1084 1646 wollen
1107 1616 1118 1645 :
1143 1608 1207 1649 Al-

329 1659 363 1689 m
372 1650 555 1698 ſicherſten
563 1652 623 1692 des
636 1650 970 1698 Blumen-Gartens
979 1655 1123 1699 Grunde
1143 1655 1209 1704 ſeye

349 1693 452 1750 áſſig
439 1697 454 1750 ;
477 1697 560 1748 iſt
522 1695 556 1745 er
575 1707 637 1746 gar
654 1710 691 1748 zu
706 1703 790 1746 gail/
801 1700 832 1751 ſo
853 1703 949 1753 ſegen
967 1706 1019 1746 die
1030 1705 1210 1754 Pflanven

368 1748 523 1798 ¡machen
540 1742 616 1798 viel
632 1744 756 1798 Blätter
772 1754 841 1792 und
858 1753 965 1802 wenig
973 1747 1155 1801 Blumen
1139 1755 1161 1801 /
1178 1754 1211 1805 #0

364 1801 473 1845 <das
482 1799 663 1845 Kieltverck
678 1805 754 1846 bald
765 1807 923 1845 darinnen
937 1815 973 1852 zu
983 1804 1096 1854 faulen
1108 1814 1121 1856 z
1146 1806 1211 1856 Fſt

368 1851 496 1895 Grund
510 1861 571 1894 gar
580 1861 618 1900 zu
634 1848 714 1894 dürc
728 1855 795 1894 und
805 1850 969 1906 unſafftig
980 1855 1034 1902 ſo
1043 1855 1107 1896 kan
1117 1863 1151 1898 er
1158 1862 1213 1898 die

359 1902 445 1943 gung
455 1887 534 1942 nah
545 1893 803 1945 Genúgennicht
811 1900 917 1947 leiſten
931 1907 945 1947 +
970 1901 1009 1949 iſt
1016 1901 1113 1946 gleich
1125 1903 1214 1941 einer

367 1959 382 1989 /
404 1950 501 1990 deren
517 1946 648 1997 Brújte
662 1950 849 1997 verfeigen
843 1950 862 1996 7
870 1959 972 1991 wann
993 1952 1035 1999 ſie
1051 1954 1101 1992 ein
1118 1953 1213 1993 Kind

344 1995 411 2035 und
431 1989 591 2043 ernähren
604 1999 697 2047 ſollen
713 2009 721 2039 /
736 2000 857 2039 darum
865 2004 952 2040 alies
963 2000 1048 2042 klein
1054 2001 1122 2041 und
1134 1998 1216 2043 dürr

343 2048 452 2098 ¿auh
463 2045 586 2098 lezilich
596 2059 659 2098 gar
674 2047 852 2092 verderben
868 2051 964 2101 muß.

342 2115 383 2146 on
403 2108 479 2150 dem
487 2107 616 2153 Grund
636 2118 676 2157 zu
687 2109 750 2150 den
758 2109 941 2158 Welſchen
949 2105 1122 2156 Bäun“n
1131 2109 1216 2163 ſingt

339 2158 463 2195 vianus
471 2162 651 2197 Pontanus
664 2161 925 2209 Neapolicanus
939 2162 999 2200 lib,
1009 2175 1035 2200 1,
1046 2159 1215 2213 Heſperi-

339 2209 393 2258 0:

305 2274 355 2287 —
371 2259 496 2298 Putres
512 2256 640 2308 glebæ,
650 2253 795 2311 quæquè
817 2270 957 2312 æquora
978 2263 1096 2304 taftris

305 2310 422 2349 Molle
435 2310 556 2349 fonent
574 2337 580 2357 ,
603 2313 755 2350 Auidum
763 2312 870 2352 facilè
885 2314 1080 2355 admiſſura
1091 2317 1214 2366 liquo-

651 2386 743 2420 rem,

308 2409 385 2448 Nec
395 2409 484 2449 mihî
500 2407 682 2461 diſpliceat
698 2410 864 2451 ſalcbrofſi
877 2413 995 2464 glarea
1005 2415 1115 2456 ruris,

309 2454 470 2510 Quæquè
489 2458 561 2497 ſolo
573 2462 668 2498 tenui
683 2463 833 2509 graciles
846 2464 1006 2501 imitatur
1017 2474 1140 2500 arenas
1154 2477 1163 2501 :

336 2515 346 2550 i
355 2516 467 2556 modò
478 2517 567 2567 ſæpec
582 2517 667 2555 fimo
678 2516 859 2569 (pargas,li
876 2523 1027 2570 pronior
1039 2522 1132 2558 unda

309 2554 432 2594 Diluat
447 2558 519 2606 ipſa
539 2558 646 2606 ſuper,
681 2562 852 2608 lætusquè
861 2564 1001 2600 ínftillet
1012 2571 1053 2598 ut
1064 2565 1189 2600 Imber.

342 2620 381 2662 iel
393 2623 464 2671 ſind
474 2624 531 2665 der
539 2623 721 2671 Meynung
732 2634 749 2665 7
764 2622 903 2674 diebeſte
912 2625 1028 2671 Erden
1035 2627 1106 2675 ſey/7
1115 2628 1167 2668 die
1181 2631 1215 2670 ín

308 2726 372 2763 init
388 2722 584 2775 derſelbigen
605 2727 667 2765 den
705 2724 867 2771 Blumen-
882 2728 1010 2773 Garten
1031 2723 1188 2776 beſchütte
1198 2740 1216 2770 /

230 2862 289 2903 Bef

232 2906 264 2948 th

336 2927 364 2967 ﬅ

288 2973 524 3027 WanndicE

328 3034 345 3066 d
355 3030 505 3079 Zwibeln

229 3139 338 3211 E

325 3224 338 3259 t
348 3227 506 3273 werden
484 3224 503 3277 )
520 3227 658 3274 vorhero
670 3225 823 3274 probiren
839 3226 909 3269 kan;
930 3230 1025 3269 davon
1044 3236 1079 3268 P.
1089 3234 1211 3270 Ferra-

312 3281 441 3322 nElorá
451 3282 513 3320 ſuâ
531 3281 589 3319 lib.
606 3292 632 3319 1.
644 3292 721 3328 cap.
732 3288 763 3318 6.
773 3281 842 3332 alſo
854 3281 1003 3335 ſchreibet
1032 3295 1033 3326 :
1059 3285 1211 3328 Expreſ-

321 3331 450 3367 arentis
459 3329 673 3379 Exemplum
684 3331 759 3369 Filii
772 3331 861 3369 funt.
911 3334 943 3366 Si
956 3333 1082 3380 plantæ
1102 3337 1211 3372 dcco-

329 3375 513 3432 exilcoguè
523 3380 742 3426 aboriantur,
751 3391 903 3421 macram;z
947 3382 974 3422 fì
985 3384 1211 3431 vicidifimæ,

515 3028 679 3082 Beyſäke
693 3044 704 3074 /
711 3037 768 3074 als
781 3036 937 3081 Blumen
945 3044 983 3083 zu
995 3035 1095 3083 gebenz
1128 3039 1165 3089 iſt
1173 3039 1213 3088 ſie

237 3526 279 3562 e

327 2669 465 2721 Kuchen
475 2666 632 2724 -Garten
653 2673 750 2722 ſchon
768 2675 821 2713 ein
832 2674 929 2723 Jahr
946 2679 1128 2724 getragen
1112 2678 1132 2730 7
1150 2677 1216 2728 daß

330 2775 427 2818 endie
435 2776 572 2824 Dunge
583 2773 676 2825 ſchon
686 2776 749 2826 ſich
760 2779 823 2819 mit
834 2779 910 2820 dem
921 2778 1070 2825 Grunde
1079 2770 1220 2822 vereini-

333 2832 346 2861 7
357 2827 424 2865 und
440 2831 538 2868 deren
553 2829 628 2871 rohe
651 2827 704 2870 Art
715 2831 776 2868 und
794 2827 934 2878 ſtarcker
942 2830 1100 2879 Geruch
1086 2830 1106 2880 7
1118 2833 1216 2876 durch

330 2879 369 2914 r/
383 2872 506 2925 Regen
519 2875 585 2917 und
595 2876 852 2927 Sonnenſchein
869 2879 1043 2926 gemildert
1060 2880 1128 2921 und
1142 2887 1217 2922 vers

527 2984 628 3036 rdezu
638 2984 906 3039 gukiſt-taugt
862 2982 916 3039 ſie
915 2990 1010 3039 mehr
1017 2990 1082 3032 den
1089 2990 1215 3038 Wur-

322 3074 387 3123 echt
396 3088 409 3117 /
428 3073 568 3128 ſobleibt
585 3080 668 3119 alles
680 3076 797 3125 ſtecken
806 3089 822 3119 /
836 3079 956 3120 darum
966 3089 982 3119 /
993 3079 1056 3119 ile
1067 3082 1146 3121 ol'en
1158 3095 1213 3129 ge-

333 3127 369 3173 iſt
381 3129 450 3176 hier
468 3134 535 3170 das
545 3130 713 3179 Mittel
683 3131 717 3182 zu
725 3131 884 3180 erwehlen
901 3144 914 3182 ;
939 3133 1039 3180 daher
1050 3142 1133 3175 man
1153 3141 1213 3174 den

336 3185 352 3219 è
360 3182 450 3228 (wie
461 3183 760 3234 beydemFeldbau
773 3185 821 3225 im
834 3183 1006 3235 ſiedenden
1017 3187 1214 3236 Buchwvird

1243 999 1293 1049 gel
1306 994 1592 1052 anUVaſſer
1523 992 1571 1053 ſey
1587 1000 1603 1046 /
1614 1004 1758 1052 welches
1767 1008 1863 1043 unter
1879 1006 1931 1044 die
1949 1004 2174 1055 vornehmſten
2186 1008 2229 1053 Ei

1228 1051 1467 1105 ¡genſchafſten
1484 1055 1578 1097 eines
1596 1050 1732 1105 ſchönen
1753 1058 1820 1099 und
1837 1056 2003 1107 zierlichen
2027 1058 2193 1105 Gartens
2211 1069 2228 1108 z

1228 1102 1401 1155 [rechnen

1240 1403 1414 1457 Tolitoquec
1425 1407 1620 1447 folioſiorcs
1630 1408 1817 1448 IuXurient
1828 1434 1841 1452 ,
1850 1406 2091 1460 præpinguem
2102 1427 2112 1457 ;
2137 1409 2163 1448 Ti
2174 1423 2236 1450 mo

1269 1454 1322 1495 icè
1339 1458 1492 1496 carnoſæ
1506 1486 1518 1502 ,
1544 1453 1741 1510 ſeſliſesguè
1761 1460 1935 1508 afurgunt
1948 1485 1963 1505 y
1988 1468 2251 1511 attemperatam

1270 1501 1469 1554 abilemguè
1489 1507 1633 1544 floribus
1646 1507 2015 1556 Humumflignificant.

1319 1555 1404 1600 Alſo
1419 1558 1505 1603 auch
1519 1565 1626 1598 ivann
1646 1569 1728 1599 man
1738 1563 1790 1600 die
1802 1560 1975 1605 Erden
1933 1555 1984 1611 im
2005 1556 2133 1616 Waſſer
2147 1569 2237 1612 zergè

1267 1615 1304 1646 en
1317 1600 1421 1655 lâſſet/
1433 1608 1498 1646 und
1509 1611 1547 1645 es
1560 1606 1630 1653 gibt
1642 1600 1721 1655 viel
1737 1600 1890 1656 Schleum-/
1908 1610 1965 1657 iſts
1974 1608 2160 1660 einfettes
2149 1618 2164 1666 ;
2183 1611 2240 1659 gib

1265 1653 1400 1701 sivenig
1410 1663 1425 1693 /
1436 1654 1495 1704 iſts
1512 1656 1582 1694 eine
1594 1664 1735 1704 magere
1747 1648 1865 1700 Erden
1878 1665 1897 1707 3
1921 1660 2023 1704 daher
2034 1661 2116 1709 auch
2126 1659 2178 1700 die
2188 1669 2233 1700 au

1244 1704 1310 1744 den
1321 1702 1439 1745 Kraut
1447 1696 1613 1749 -Gärten
1627 1713 1844 1754 genommene
1859 1706 1953 1750 Erde
1966 1704 2025 1758 fúr
2040 1711 2089 1750 die
2113 1707 2234 1754 Blume

1241 1767 1305 1799 am
1315 1754 1527 1806 täuglichſten
1538 1759 1695 1806 gehalten
1712 1758 1811 1804 wrd.
1859 1762 1979 1812 Sonſt
1994 1765 2050 1813 hat
2067 1767 2155 1807 alles
2162 1758 2238 1812 Erd

1248 1807 1331 1855 reich
1359 1808 1630 1859 unterſchiedliche
1645 1811 1758 1857 Bette
1786 1811 1857 1854 und
1873 1812 1982 1861 Lager
2010 1811 2229 1864 aufeinander

1248 1856 1319 1899 und
1339 1858 1457 1905 welche
1470 1858 1589 1901 Erden
1607 1859 1691 1900 vben
1707 1860 1766 1907 her
1784 1861 1877 1901 einen
1893 1863 1976 1903 oder
1986 1869 2094 1910 zween
2107 1861 2221 1914 Schu

1249 1907 1318 1950 di
1324 1917 1425 1955 guten
1453 1910 1557 1950 Grund
1565 1898 1641 1953 hat/
1662 1910 1759 1959 diet
1769 1918 1829 1958 gut
1844 1920 1881 1958 zu
1891 1914 1954 1953 den
1962 1907 2189 1963 Gewächſen.

1331 1961 1430 2004 Herr
1452 1962 1562 2001 Peter
1579 1961 1726 2003 Gabriel
1753 1975 1758 2004 /
1781 1960 1905 2011 Fürſtl.
1923 1963 2226 2016 ÆWürtenbergiſch

1250 1997 1608 2051 Garten
1393 2001 1409 2047 -
1424 1998 1600 2051 Inſpector
1622 2031 1637 2048 ,
1658 2004 1696 2043 in
1719 2002 1840 2053 ſeinem
1861 2006 2082 2055 allgemeinen
2101 2005 2224 2052 Gártn

1250 2056 1345 2099 Cap.
1358 2068 1392 2102 3.
1402 2055 1504 2102 ſagt
1498 2048 1518 2098 :
1527 2056 1608 2100 Die
1622 2053 1848 2107 untäuglichen
1858 2055 2010 2106 Gründe
2026 2066 2102 2111 zum
2121 2059 2221 2107 Gaxt

1248 2105 1387 2150 bequem
1407 2114 1444 2152 zu
1455 2105 1610 2153 machen/
1630 2114 1739 2149 wann
1750 2107 1791 2155 ſie
1801 2117 1838 2156 zu
1849 2107 1928 2155 hark
1944 2112 2010 2151 und
2026 2109 2144 2160 ſchier
2162 2112 2231 2162 ſind

1251 2152 1335 2202 muß
1346 2163 1428 2195 man
1446 2155 1486 2203 ſie
1497 2155 1643 2197 arbeiten
1655 2157 1720 2196 und
1737 2156 1859 2198 bauen.
1904 2158 2042 2204 Wann
2062 2159 2103 2208 ſie
2115 2169 2153 2208 zu
2171 2160 2247 2207 leich

1249 2201 1337 2251 find/
1347 2196 1543 2249 verbártenz
1558 2199 1591 2250 ſo
1602 2202 1644 2253 ſie
1652 2212 1692 2253 zu
1704 2209 1820 2253 mager
1834 2213 1848 2245 /
1856 2204 1986 2253 dungen
1996 2216 2011 2257 :
2024 2204 2058 2254 ſo
2068 2207 2108 2256 ſie
2119 2216 2156 2257 zu
2168 2208 2228 2256 fett

1253 2258 1371 2298 mager
1379 2242 1515 2292 werden
1528 2251 1627 2301 laſſen
1642 2262 1657 2304 z
1681 2254 1714 2301 ſo
1723 2251 1767 2302 ſie
1773 2262 1820 2311 zu
1829 2252 1940 2304 feucht
1948 2266 1967 2296 /
1978 2252 2169 2299 ausdórren
2187 2264 2202 2307 3

1253 2303 1295 2347 ſie
1307 2302 1682 2351 zutro>en-/befeuchten
1695 2316 1708 2353 ;
1725 2305 1761 2354 ſo
1776 2317 1816 2347 ne
1831 2314 1868 2356 zu
1884 2307 1954 2350 kalt
1963 2320 1978 2349 /
1987 2305 2200 2360 erwärmen,

1250 2351 1293 2398 ſie
1310 2358 1488 2398 zuwarm
1470 2348 1486 2390 ;
1506 2353 1678 2401 erfriſchen
1706 2361 1712 2400 3
1738 2357 1878 2401 welches
1892 2358 1956 2397 mit
1979 2352 2043 2406 dem
2057 2352 2124 2410 Miß
2148 2366 2221 2399 unte

1252 2401 1445 2447 ſchiedlicher
1456 2401 1588 2447 Thier
1576 2397 1592 2442 /
1604 2406 1682 2443 oder
1696 2404 1792 2452 durch
1802 2404 2050 2454 Vermiſchung
2064 2407 2156 2448 eines
2195 2408 2220 2455 B

1252 2450 1335 2490 dens
1344 2450 1407 2490 mit
1418 2449 1493 2489 dem
1509 2449 1638 2491 andern
1658 2448 1828 2502 geſchehen
1846 2451 1922 2496 kan,
1943 2453 2014 2498 Ein
2025 2449 2222 2506 vernünfſt1g

1253 2489 1410 2542 Gáârtner
1434 2498 1521 2539 wels
1538 2497 1619 2545 auch
1633 2502 1727 2541 unter
1744 2502 1806 2541 den
1823 2498 1977 2551 Ziwibeln
1993 2504 2064 2544 und
2075 2502 2221 2555 Wurte

1253 2554 1309 2591 der
1319 2547 1602 2597 Blumenkdiefen
1621 2551 1828 2602 Unterſchied
1843 2561 1881 2600 zu
1895 2551 2034 2603 machen
2054 2561 2069 2596 /
2093 2555 2161 2607 daß
2177 2558 2209 2598 di

1254 2599 1302 2639 ein
1316 2595 1415 2645 fettes
1428 2608 1444 2639 /
1464 2598 1533 2647 jene
1542 2598 1623 2641 aber
1640 2601 1692 2642 ein
1708 2602 1835 2642 leichtes
1848 2601 1919 2643 und
1935 2602 2091 2651 geringes
2099 2603 2211 2649 Erdre

1252 2651 1451 2695 verlangen?
1469 2653 1568 2700 darzu
1586 2652 1669 2699 auch
1685 2655 1738 2696 die
1746 2655 1997 2703 Verneuerung
2017 2655 2170 2699 kommen
2188 2658 2221 2709 ſv

1253 2695 1322 2744 daß
1333 2688 1415 2737 man
1427 2698 1565 2738 allevier
1574 2697 1674 2749 Jahr
1681 2700 1732 2741 die
1738 2699 1857 2745 Erden
1866 2709 1931 2742 aus
1939 2701 2044 2750 jedem
2054 2703 2165 2749 Bette
2172 2714 2222 2744 ein

1252 2751 1434 2798 Spannen
1451 2750 1526 2800 rief
1532 2753 1656 2800 heraus
1665 2753 1812 2796 nimmt
1794 2752 1810 2802 /
1823 2755 1890 2796 und
1901 2753 2164 2808 friſchenGrund
2173 2759 2221 2801 wi

1253 2805 1310 2844 der
1320 2803 1430 2846 hinein
1441 2801 1569 2850 ſchútte.

1331 2846 1849 2898 DeralteHolländerEmaruel
1871 2850 2029 2892 $wertius
2041 2842 2231 2898 räthet/ma

1250 2894 1304 2946 ſoll
1313 2899 1345 2938 in
1353 2902 1402 2938 die
1410 2898 1522 2942 Erden
1532 2899 1763 2948 eineziemliche
1796 2898 1915 2945 Gruben
1935 2901 2049 2957 machen
2059 2910 2072 2957 7
2089 2905 2230 2954 ſolchen

1249 2956 1345 2999 guten
1370 2944 1569 2999 Kühe-Miſt/
1577 2954 1642 2993 und
1652 2960 1747 2998 guter
1758 2954 1946 3012 ſchwarken
1958 2955 2077 3002 Erden
2092 2958 2218 3009 anfülle

1250 3002 1315 3040 und
1329 3003 1577 3043 unteremander
1586 3001 1822 3050 miſchen
1737 3000 1754 3048 /
1764 2998 1818 3049 und
1839 3004 1911 3047 alto
1928 3004 1978 3046 ein
1986 3005 2085 3057 Jahx
2093 3009 2177 3055 ligen
2187 3012 2220 3048 la

1248 3049 1317 3097 ſen/
1327 3049 1388 3097 vſt
1398 3049 1475 3091 aber
1482 3049 1733 3092 untereinander
1744 3059 1885 3101 mengen
1896 3064 1914 3094 /
1925 3052 1960 3102 ſo
1970 3058 2081 3096 werde
2093 3063 2176 3095 man
2191 3063 2214 3102 g

1248 3106 1301 3138 ten
1312 3099 1637 3145 Grunobefommen
1646 3107 1663 3150 z
1685 3098 1718 3150 ſv
1727 3102 1957 3155 ziweifelsohne
1974 3106 2062 3160 nicht
2078 3112 2139 3147 vom
2155 3108 2204 3150 Ki

1243 3150 1347 3191 wer>
1362 3151 1499 3192 ſondern
1510 3152 1570 3191 den
1580 3145 1868 3203 Zafergewächſen
1875 3164 1912 3204 zu
1923 3154 2095 3204 verſtehen.

1329 3200 1433 3246 Frem
1441 3208 1458 3241 7
1467 3210 1550 3242 man
1563 3197 1616 3248 ſoll
1625 3192 1792 3255 geſioſſene
1807 3205 1875 3246 alte
1885 3206 2026 3249 Rinden
2037 3213 2100 3247 von
2108 3203 2214 3254 Eyche

1247 3248 1367 3296 welche
1378 3251 1431 3288 die
1440 3243 1613 3298 Schuſter
1624 3250 1804 3299 gebraucht
1812 3251 1937 3299 haben/
1945 3254 2014 3302 alfo
2024 3256 2057 3292 in
2071 3257 2141 3295 eine
2152 3258 2212 3298 Gr

1246 3302 1307 3340 ben
1320 3306 1382 3341 mit
1388 3307 1479 3346 gute?
1489 3300 1601 3346 Erden
1613 3302 1833 3353 vermiſchen
1825 3306 1841 3353 -
1854 3304 1907 3345 ein
1914 3304 2011 3355 Jahr
2027 3304 2112 3353 ligen
2129 3306 2205 3356 laſſe

1244 3351 1388 3397 hernach
1400 3348 1625 3402 durchſieben
1609 3350 1627 3402 -
1640 3351 1696 3405 ſol
1707 3362 1746 3405 zu
1763 3355 2006 3406 Vermehrung
2020 3358 2082 3404 der
2090 3354 2206 3402 Blum

1248 3396 1316 3449 ſehr
1323 3398 1392 3441 wol
1403 3399 1531 3443 dienen,

2109 3626 2246 3668 Car.
