1041 1369
348 86 403 109 dieſes
411 84 525 110 Rochbuchs.

335 119 395 150 Ein
404 120 513 150 anders.

62 180 71 186 8
90 168 200 228 IIb
210 167 273 204 diſes
281 166 451 204 gerſtenmeel
449 158 458 208 /
470 165 541 194 vnnd
554 161 614 197 roͤſte
626 164 655 191 es
662 162 688 191 in
700 158 795 198 heiſſem

52 193 238 258 Bernal
248 207 299 234 doch
304 206 358 234 nicht
365 211 387 233 zu
395 204 452 234 ſehr
448 195 460 238 /
459 203 518 230 mach
524 204 553 224 die
558 199 712 227 Mandelmilch
718 201 796 222 warm
788 195 796 238 /

136 240 186 268 doch
193 239 247 267 nicht
256 243 294 266 gar
300 237 394 265 ſiedend
384 231 396 268 /
401 235 452 259 treib
459 236 497 257 das
504 232 578 261 geroͤſte
584 231 632 255 meel
648 234 677 254 mit
689 236 709 253 an
718 235 719 246 /
718 233 795 253 wanns

54 276 123 300 genug
130 269 244 299 gekocht
215 260 223 300 /
229 260 248 300 ſo
251 269 298 298 lhue
303 266 370 296 zucker
376 268 418 290 vnd
424 264 567 293 Roſenwaſſer
573 263 654 286 darein
645 259 655 293 /
661 265 728 285 deines
734 259 796 289 gefal⸗

52 303 99 326 lens
105 305 147 325 vnd
153 302 204 329 nach
211 300 267 324 des
273 299 346 323 klancken
353 297 486 327 gelegenheit:
516 292 543 329 Im
539 295 670 322 anrichten
679 292 756 320 ſaltze
741 292 757 329 es
762 296 794 313 ein

53 337 138 361 wentg
123 326 137 361 /
148 333 215 360 magſt
226 332 278 359 auch
284 330 398 355 weinbeer
383 326 400 361 /
410 324 443 360 ver
448 326 548 356 zuckerten
557 325 606 353 antß
616 328 665 348 oder
675 327 754 352 zimmet
762 324 795 344 da⸗

54 363 114 392 rauff
119 365 220 392 ſtrewẽ
190 355 197 392 /
203 355 221 392 es
231 355 307 392 ſtopffet
323 367 378 385 ewas
385 359 442 390 mehr
447 360 488 383 dañ
494 361 533 381 das
539 353 737 386 vorgehende.
688 353 727 390 Vnd
744 353 761 379 ſo
769 355 795 375 du

54 396 162 419 wilt
101 383 109 421 /
116 396 162 419 tretb
168 400 187 416 2.
195 397 243 418 oder
250 399 270 421 3.
278 399 324 419 eyer
330 395 396 415 dotter
401 394 505 414 darein
471 383 479 421 /
486 383 501 421 es
511 389 533 417 iſt
541 389 593 416 deſto
599 385 710 415 kraͤffttger.
733 383 796 408 Was

55 433 107 452 man
113 428 168 455 nicht
174 425 223 455 jſſet
223 416 231 455 /
230 425 251 453 iſt
259 429 296 454 gut
302 428 329 448 im
335 423 451 451 ſchmaltz
434 416 453 455 zu
456 422 553 450 pregeln
545 416 557 455 /
559 422 596 443 wie
601 420 676 442 andere
681 416 796 443 kindsbrey.

191 470 248 500 Ein
256 471 334 499 ander
340 472 388 503 gut
400 464 482 501 Eſſen
487 471 541 495 von
547 462 671 499 obgemel⸗

359 511 399 527 tem
410 509 470 532 zeug.

122 545 188 583 Imb
195 544 256 579 diſer
274 541 370 577 Wafer
379 543 434 571 eins
447 539 551 573 welches
564 540 598 568 du
605 535 727 574 wilt
673 535 678 583 /
687 535 725 583 thu
737 535 796 564 aber

124 588 190 609 weder
196 582 260 612 zucker
268 583 318 609 noch
329 578 472 607 Roſenwaſſer
484 579 587 601 darem
556 572 564 612 /
571 572 590 612 es
593 581 644 600 were
652 576 692 598 dañ
699 578 729 597 ein
731 567 798 607 Eſſen

124 612 282 640 vberblleben
252 604 260 640 /
266 604 285 640 ſo
293 613 327 640 iſts
343 612 388 638 auch
398 616 428 639 gut
439 616 461 638 zu
471 608 519 636 diſer
529 607 618 636 ſach
574 604 582 640 /
589 604 615 640 laß
624 613 645 630 es
650 610 680 629 ein
686 608 752 633 wenig
759 604 799 628 kalt

58 649 216 673 werden
145 633 157 673 /
167 649 212 673 wann
229 646 248 667 du
249 650 282 666 es
292 643 386 670 beſonder
398 644 459 668 dar
435 633 458 673 zu
472 639 613 667 kocheſt
552 633 560 673 /
567 639 608 667 dann
621 637 684 666 ruͤhrs
689 631 725 668 wol
735 636 757 658 in
766 638 798 658 ein

58 674 217 708 geſchtrꝛ
145 670 152 708 /
159 674 215 708 klopff
222 681 267 702 eyer
275 674 293 702 ſo
300 677 328 697 vil
334 677 360 696 du
369 670 557 699 bedar
429 666 461 703 ffſt
470 666 478 703 /
484 670 557 699 hoͤndere
563 670 588 697 ſie
594 669 636 692 wol
640 674 689 691 vom
695 666 800 690 dotter
764 666 782 703 ab
792 666 800 703 /

61 712 120 735 wiltu
126 715 147 731 es
159 714 192 736 gar
203 711 234 736 gut
246 709 304 729 vnnd
315 703 397 731 kraͤfftig
403 703 482 733 haben
475 696 486 736 /
488 700 507 730 ſo
518 702 573 723 umb
579 707 618 723 nur
626 702 665 723 das
671 698 730 727 gelb
720 695 731 731 /
736 697 772 727 thu
778 695 798 725 ſo

61 743 91 765 vil
111 728 190 765 Mandel
193 728 249 765 milch
259 739 329 759 darein
335 737 368 758 als
374 737 407 757 der
414 737 471 760 eyer
463 728 474 765 /
480 732 542 762 ruͤhrs
549 735 584 754 inn
592 734 630 753 das
636 730 686 754 kalte
704 728 752 756 muß:
757 728 799 751 dañ

61 773 98 802 thu
105 774 170 794 daran
179 769 244 798 zucker
250 771 288 791 vnd
298 760 360 798 Roſen
372 760 430 798 waſſer
449 766 502 787 deines
521 762 631 791 gefallens
620 760 628 798 /
636 760 688 789 ſaltze
695 766 717 783 es
722 762 799 787 wenig
792 760 799 798 /

62 795 90 833 hab
107 805 157 826 einen
172 799 243 827 moͤrſel
250 801 298 822 oder
307 802 344 821 eine
354 796 414 824 ſolche
423 795 477 822 form
487 801 529 817 von
539 798 602 817 einem
609 792 693 820 ſchoͤnen
706 791 754 820 herd
765 795 796 818 ge⸗

62 837 138 859 brant
135 823 143 859 /
153 823 201 859 vnnd
215 823 246 859 wol
249 829 363 858 verglaſt
355 823 366 859 /
372 831 409 850 mit
415 829 489 853 dreyen
496 825 586 853 fuͤßlein
582 823 594 859 /
604 823 636 852 daß
648 823 693 859 mach
706 824 741 848 bey
747 825 801 844 elner

64 868 108 895 glut
115 863 221 895 heiß
165 857 176 895 /
182 863 221 895 thue
230 861 317 890 ſchmaltz
324 861 411 883 darein⸗
417 857 475 887 kehrs
486 858 534 880 vnnd
548 855 611 883 wendß
620 851 800 883 jmmer
699 851 736 891 vmb
746 851 758 891 /
768 851 800 891 daß

65 898 143 922 überall
150 896 211 924 gleich
217 892 261 923 heiß
269 892 393 915 werde
339 884 351 924 /
361 884 391 924 vnd
399 888 418 917 ſo
424 895 446 912 es
451 889 492 911 wol
499 887 542 917 helß
548 887 570 914 iſt
579 892 585 909 /
590 885 663 914 ſchuͤtte
669 887 707 908 das
713 883 801 912 ſchmaltz

64 926 108 953 wid
116 925 252 954 drauß
184 914 192 954 /
199 925 252 954 kehrs
265 923 308 947 aber
320 914 373 954 zuvoꝛ
379 921 420 944 wol
427 920 486 943 vmb
478 914 489 954 /
492 919 555 946 daß
533 914 555 954 es
566 914 636 954 vberall
650 918 682 940 wol
691 910 800 947 ſchmaltzig

69 960 94 988 ſey
104 964 112 982 /
122 960 148 982 daß
161 957 235 985 ſchütte
247 957 284 978 den
290 953 437 982 angemachten
446 955 501 979 zeug
504 946 514 981 d
508 949 562 974 wie
568 952 595 973 ein
604 948 702 977 zimlicher
708 946 801 974 ſtrauben

66 995 107 1019 teig
112 989 138 1017 ſol
147 989 183 1016 ſeyn
195 993 201 1011 /
212 990 240 1010 dar
243 982 260 1019 ern
277 990 285 1009 /
289 986 341 1016 ſtells
346 988 409 1012 gegen
415 976 449 1013 dem
440 980 567 1009 fewer
527 976 534 1013 /
544 976 569 1013 nit
578 985 597 1008 zu
601 983 647 1002 weit
654 978 704 1003 noch
711 983 733 1005 zu
738 976 802 1006 nahe
793 976 802 1013 /

67 1023 102 1051 gib
108 1021 150 1051 ihm
156 1026 196 1043 nur
205 1020 273 1041 vnden
280 1020 310 1039 ein
316 1014 373 1046 helſſe
381 1013 451 1042 aſchen
458 1017 467 1035 /
474 1013 522 1036 aber
528 1013 579 1035 oben
589 1010 616 1039 ſol
622 1015 664 1033 von
669 1012 706 1032 eim
712 1009 764 1035 blech
770 1010 802 1030 ein

68 1053 164 1081 ſtuͤrtzen
157 1045 168 1081 /
177 1052 204 1073 die
217 1049 265 1079 beheb
275 1052 285 1071 /
295 1051 322 1072 wie
337 1037 382 1077 auff
389 1049 442 1068 einer
451 1041 615 1072 paſtetenpfann
604 1037 618 1077 /
621 1037 768 1069 ſeyn
670 1037 681 1073 /
690 1037 764 1069 darauff
774 1037 803 1065 ſol

69 1089 96 1108 ein
107 1070 150 1112 gute
158 1084 203 1110 glut
211 1080 265 1108 ſeyn
260 1070 269 1112 /
271 1081 313 1103 vnd
320 1077 347 1106 ſol
353 1079 387 1100 der
393 1075 455 1107 hafen
461 1081 500 1099 nur
507 1074 553 1105 halb
559 1074 602 1097 voll
610 1072 714 1101 ſein
651 1070 658 1105 /
667 1072 707 1101 dann
720 1076 740 1093 es
746 1070 804 1099 gehet

69 1112 267 1144 ſchon
134 1104 175 1144 auff
186 1104 197 1144 /
204 1112 260 1144 wanns
273 1110 325 1138 recht
332 1104 359 1144 ber
365 1104 392 1144 eit
398 1104 418 1144 iſt
428 1111 430 1129 /
431 1108 490 1131 wend
497 1111 519 1129 es
525 1106 596 1133 jmmer
602 1101 702 1130 vmb
650 1101 662 1138 /
667 1101 696 1138 daß
708 1107 729 1124 es
735 1102 804 1134 allent⸗

69 1147 118 1179 halb
127 1146 193 1171 braun
198 1145 329 1169 werd
254 1140 266 1183 /
276 1145 323 1169 wann
335 1146 355 1166 es
361 1141 409 1165 denn
419 1134 494 1175 anhebt
499 1140 530 1195 7
536 1134 602 1171 ranfft
607 1132 738 1165 zubekoſſlen
732 1131 740 1175 /
747 1137 765 1161 ſo
771 1131 805 1160 loß

542 1171 563 1195 1

649 1355 720 1366 Olgtellsterung
723 1355 768 1366 geſstdenl
773 1355 799 1364 durch
803 1355 818 1364 eie
825 1355 850 1364 Deuts
852 1355 868 1364 ehe
872 1355 919 1364 Fosgehung
