1041 1369
300 93 356 117 dieſes
361 91 476 117 Rochbuchs.
769 104 791 120 17

41 130 147 159 brauchen
153 129 208 154 wilt
201 127 212 160 /
214 130 310 153 wann
283 127 304 160 du
316 133 381 152 etwas
387 128 467 157 darauß
473 127 548 157 bachen
553 127 597 153 wilt
602 132 612 153 /
617 129 698 159 magſtu
703 130 743 154 den
749 131 789 160 laſ⸗

42 161 76 190 ſen
83 166 119 185 wie
128 168 147 185 er
153 162 185 189 iſt
181 159 188 191 /
191 160 256 189 ſchlag
261 160 298 190 jhn
303 163 324 184 in
331 159 521 188 zuͤgerkuͤblein
474 159 485 191 /
494 159 525 191 vnd
526 166 572 184 was
578 162 606 185 du
612 166 662 190 gern
669 162 788 191 haſt
718 159 732 191 /
741 162 788 191 wañs

42 194 107 216 erkalt
114 197 123 213 /
133 192 152 220 ſo
159 192 195 222 thu
202 198 223 215 es
233 195 254 216 in
263 195 293 215 ein
299 192 377 215 blatten
384 196 393 213 /
402 195 439 218 wie
450 193 474 215 du
483 192 516 222 vom
528 192 614 222 eyerkaͤß
623 192 665 222 haſt
670 197 681 215 /
689 194 749 221 mach
755 198 787 218 ein

43 223 99 254 brũh
104 229 115 247 /
119 227 156 247 wie
163 226 189 247 du
196 222 252 253 mehr
257 225 293 246 inn
299 221 375 250 ſolchen
381 221 449 251 ſachen
459 222 517 252 haſt
510 221 521 254 /
525 224 573 247 oder
578 223 642 252 bachs
648 227 676 247 im
683 223 772 253 ſchmaltz
778 229 789 248 /

43 261 83 279 wie
93 255 231 285 gevierthellte
241 252 393 282 oͤpffelkuͤchlein
404 257 409 276 /
420 255 468 277 oder
477 252 556 282 ſchlags
565 253 614 282 auff
618 256 689 278 teller
684 252 695 285 /
697 260 730 278 ein
738 258 788 280 oder

43 292 113 314 zween
120 285 185 314 finger
192 283 338 313 dick
239 283 250 315 /
255 283 338 313 ſchnelds
349 286 380 308 dar
389 290 420 308 von
431 288 468 308 wie
474 290 495 308 es
502 287 532 308 dir
537 284 620 313 gefaͤllt
622 283 633 315 /
630 287 729 314 machs
702 283 723 315 in
734 286 789 315 ſchoͤ⸗

44 323 93 340 nem
102 319 150 340 meel
157 322 166 340 /
173 317 222 344 bach
228 321 249 339 es
255 320 265 338 /
270 316 316 344 gibs
321 314 400 339 trucken
406 319 442 339 mit
448 314 523 347 Zucker
528 316 629 345 beſtrewet
634 323 645 340 /
653 320 728 341 oder
706 314 727 347 in
735 322 789 343 einer

45 347 121 377 heiſſen
127 347 179 373 bruͤh
185 352 194 370 /
201 350 248 371 oder
253 346 309 375 alſo
301 345 311 377 /
315 349 382 370 deines
387 345 486 375 gefallens
491 351 502 370 /
511 352 532 370 es
538 347 560 374 iſt
566 351 602 371 inn
607 349 681 376 allweg
686 353 724 377 gut
730 352 788 373 vnnd

45 379 146 406 nutz
99 376 110 409 /
119 376 147 409 wol
152 383 171 402 in
178 378 377 407 durchbrechen
324 376 335 409 /
345 376 373 409 vnd
382 376 423 405 alſo
428 377 497 405 kanſtu
503 383 523 401 es
529 378 570 402 wol
576 377 624 406 auff
627 383 660 401 ein
666 381 721 402 teller
728 379 789 409 ſchla⸗

45 414 99 437 gen
87 408 98 440 /
104 412 174 433 davon
179 412 200 433 in
205 413 258 433 einer
266 409 340 432 breiten
346 408 410 437 kachel
415 413 423 428 /
432 411 462 432 die
467 409 509 432 wol
514 409 612 437 verglaſt
604 408 615 440 /
617 410 669 438 auch
676 409 728 438 ſonſt
734 412 790 440 nicht

46 441 160 469 gebraucht
166 444 224 464 wirt
215 439 226 471 /
230 444 261 464 ein
266 443 333 468 wentg
337 439 423 468 ſchmaltz
429 439 473 470 heiß
478 440 572 468 machen
565 439 576 471 /
578 442 621 464 vnd
629 442 686 465 dann
691 443 730 465 den
735 441 791 471 Relß

47 474 88 495 das
95 474 160 495 vnder
164 473 212 495 vber
224 471 263 499 ſich
269 475 325 495 drein
331 470 385 495 keren
390 475 400 493 /
407 474 443 494 mit
448 471 591 500 gemacher
556 470 601 500 hitz
596 473 666 495 vnden
672 474 731 496 vnnd
737 473 789 498 oben

47 502 136 531 praͤgeln
144 502 205 531 laſſen
210 505 221 524 /
226 502 265 531 daß
270 508 290 526 er
296 502 371 525 vberall
385 502 441 531 braun
453 505 496 526 wirt
501 505 538 525 wie
544 505 575 525 ein
581 502 701 531 eyerkuchen
712 508 716 526 /
724 509 790 529 wann

48 535 77 557 du
87 533 131 563 jhm
143 536 195 562 recht
202 534 265 564 thuſt
259 532 270 565 /
275 533 294 561 ſo
301 533 357 563 gehet
364 539 384 556 er
391 536 446 562 gantz
453 532 544 563 herauß
536 532 547 565 /
553 538 573 556 er
582 533 632 562 muß
642 534 691 559 aber
699 535 754 564 nicht
764 542 789 565 zu

49 565 110 589 duͤnn
115 571 220 594 gerunnen
227 564 278 592 ſeyn.

170 601 211 638 Ein
229 601 322 638 andern
338 607 414 638 guten
428 601 523 636 Kuchen
535 610 563 636 zu
569 602 675 636 machen

51 647 198 722 Me
210 655 261 678 von
273 648 372 683 ſolchem
385 647 453 683 Reiß
459 647 484 683 ſo
487 647 518 688 vil
521 648 572 678 dir
584 647 687 683 geliebt
678 647 694 688 /
698 648 792 684 wolge⸗

133 685 302 716 klopffte
222 685 259 716 eyer
269 685 279 716 /
289 685 306 716 ſo
308 688 335 709 vll
342 691 399 714 guter
405 685 536 714 Milch
479 685 493 716 /
499 685 536 714 wilt
552 686 586 709 ein
591 685 736 714 Mandelmilch
742 689 791 710 oder

52 715 111 736 V
134 718 184 745 ſonſt
191 716 574 746 geſtoſſene
314 715 399 746 Mandeln
412 715 422 746 /
431 715 510 746 welches
519 715 565 746 wegs
574 715 590 746 es
592 719 640 740 dir
646 716 790 746 geliebt
724 715 731 746 /
740 716 790 746 ruͤhr

51 752 90 773 den
97 749 152 777 Relß
158 746 212 777 damit
225 746 246 777 ab
255 749 264 771 /
274 746 313 777 mach
329 747 363 776 jhn
372 746 405 777 wie
414 750 436 770 ein
450 746 515 777 dicken
522 747 736 775 ſtraubentetg
664 746 678 777 /
687 746 733 777 mach
743 750 790 770 dar⸗

51 777 99 810 uͤber
108 784 136 804 eln
146 780 187 810 heiß
197 777 280 810 ſchmaltz
289 785 293 801 /
298 784 319 802 es
325 778 356 807 ſey
361 781 392 801 ein
399 777 572 807 ertner
470 777 481 810 /
487 777 570 807 eyſerner
579 780 627 803 oder
631 779 792 807 jrꝛdenertiegel
785 777 792 810 /

51 814 99 843 thue
105 818 127 837 es
135 814 220 836 darein
210 811 221 843 /
229 811 291 839 bachs
297 813 334 833 wie
340 815 411 838 zuvor.

243 846 313 883 Auff
317 848 355 876 ein
368 848 451 876 andere
459 845 542 882 form.

55 891 212 976 Gn
225 895 259 923 du
270 895 340 923 einen
356 897 432 928 guten
446 890 625 927 wolgekochten
635 889 706 926 Reiß
719 890 791 928 haſt
777 889 791 932 /

151 934 215 955 vnd
192 928 212 958 er
222 931 261 955 kalt
267 929 474 957 worden
351 928 365 958 /
374 928 417 958 doch
429 928 463 958 muß
480 928 495 958 er
504 928 541 958 faſt
550 928 586 958 dick
595 928 635 958 ſeyn
644 934 654 950 /
662 928 682 957 ſo
693 931 749 952 bereit
761 929 792 958 jhn

149 966 186 986 wie
192 965 217 986 du
224 968 272 986 vom
278 959 338 990 zuͤger
353 959 385 990 vnd
401 959 434 990 von
439 959 602 988 Mandeln
548 959 555 990 /
564 959 594 990 zum
608 959 742 988 flaͤdlein
700 959 730 990 vnd
749 960 794 987 kaͤß⸗

56 1000 116 1022 eyern
123 994 208 1022 findeſt
202 990 212 1022 /
217 994 275 1021 mach
280 990 352 1022 gleicher
368 992 437 1020 geſtalt
443 991 496 1021 groß
502 990 539 1022 eyer
536 990 726 1020 flaͤdlein
635 990 646 1022 /
655 990 726 1020 gefuͤlte
732 990 794 1014 weck⸗

57 1027 111 1050 lein
100 1021 112 1054 /
123 1024 296 1054 ſchuͤſſelmuͤſer
278 1021 299 1054 zu
302 1024 391 1052 bachen
381 1021 392 1054 /
401 1025 448 1047 oder
457 1023 498 1047 kalt
508 1026 545 1046 inn
553 1025 585 1045 ein
596 1021 651 1054 bruͤhe
661 1029 682 1051 zu
690 1021 794 1049 ſchneiden

57 1060 105 1081 oder
112 1060 139 1080 im
145 1055 214 1084 moͤrſel
220 1061 230 1078 /
238 1058 275 1079 wie
281 1058 307 1079 du
313 1054 375 1082 wilſt
369 1052 377 1084 /
384 1055 434 1078 alles
440 1054 491 1081 laͤſts
497 1054 549 1081 ſichs
555 1052 587 1078 für
599 1055 626 1076 die
631 1052 728 1076 krancken
734 1053 794 1076 berel⸗

56 1083 83 1116 ten
89 1094 99 1112 /
102 1088 151 1116 doch
157 1083 179 1116 iſt
192 1093 220 1110 nur
229 1092 235 1109 /
250 1094 268 1115 wz
274 1087 327 1114 nicht
333 1086 441 1114 gebachen
431 1083 442 1116 /
451 1091 473 1108 am
488 1084 612 1112 nuͤtzlichſten
618 1084 651 1112 für
659 1087 689 1107 die
695 1083 714 1112 ſo
721 1083 795 1111 ſchwa⸗

59 1120 93 1147 che
99 1117 186 1147 Magen
191 1119 326 1148 haben
258 1114 269 1148 /
279 1119 325 1148 dann
335 1114 374 1148 was
384 1117 479 1145 gebachen
489 1120 543 1140 wirt
538 1114 549 1148 /
549 1115 589 1141 daß
597 1116 664 1144 zeucht
672 1114 760 1143 ſehmaltz
766 1120 794 1138 an

60 1150 174 1180 ſich
107 1145 118 1185 /
127 1150 169 1180 vnnd
180 1151 201 1179 iſt
208 1149 255 1180 hart
260 1156 284 1179 zu
289 1151 405 1174 verdawen.
422 1146 500 1204 .
504 1151 523 1176 ſo
528 1149 555 1172 du
561 1152 582 1173 es
592 1151 613 1172 im
621 1146 695 1175 moͤrſel
702 1145 779 1200 8
785 1149 795 1167 4

713 1181 794 1205 magſtu

649 1355 697 1366 Olglteliste
700 1355 718 1366 ung
723 1355 745 1366 gefs
748 1356 768 1364 dent
773 1355 799 1366 dureh
803 1356 818 1364 eie
823 1355 849 1364 Deus
852 1355 868 1364 ehe
872 1355 919 1364 Folgehung
