2000 2271
426 230 512 271 Steih
535 229 579 269 af,
598 235 626 261 es
650 230 728 271 mouß
751 230 777 262 in
798 229 879 269 Haus
900 234 957 261 wos
980 229 1046 271 ſeyh.

426 288 528 324 „Wos
550 286 718 319 Sacrament
740 286 798 327 faͤllt
819 287 876 326 euch
899 289 966 318 denn
989 286 1039 327 eih.

425 344 479 382 „O
502 346 586 385 meih,
608 345 679 384 geiht
702 344 755 383 fort
775 347 827 376 und
849 345 897 384 laſt
919 343 973 383 mih
996 343 1072 384 geih,

424 402 523 439 „Wer
548 402 621 434 woͤrd
643 405 708 434 denn
730 401 769 441 oͤiz
790 412 839 433 von
860 401 933 433 Bett
936 400 970 442 af
1005 401 1077 442 ſteih.

424 459 467 492 Es
490 460 550 500 hilft
573 459 639 498 ſunſt
664 460 705 496 nix
725 462 758 490 du
781 459 864 497 mouſt
885 458 953 498 gleih
977 464 1057 495 raus,

424 517 467 550 Es
490 519 534 557 iß,
555 518 625 549 Gott
647 518 712 556 ſtraf
727 517 797 557 mih!
820 522 876 547 wos
897 516 923 547 in
945 515 1037 555 Haus.

424 574 491 614 Oeiz
514 574 609 614 ſchloͤift
631 578 674 607 der
696 575 830 614 g'ſchwind
850 574 875 605 in
895 571 1048 608 Ueberrock,

424 633 484 665 Und
506 632 595 672 nehmt
616 633 666 671 ſein
689 632 782 665 Sabel
803 634 855 663 und
876 631 929 669 ſein
949 628 1044 662 Stock.

425 689 483 722 Und
506 689 543 728 oͤiz
565 690 620 727 ſens
643 695 714 721 unt'n
736 690 770 729 ah
792 687 936 725 derwacht,

444 748 492 779 Nau
516 749 578 787 haut
600 753 670 778 mers
692 750 773 777 denen
794 746 827 784 ah
849 744 982 783 g'ſchwind
1004 743 1094 782 g'ſagt.

426 804 491 843 Oeiz
516 806 580 844 haut
602 813 656 834 mer
677 803 809 841 g'ſchwind
831 812 847 833 a
868 801 946 839 Licht
969 799 1093 840 ohzuͤndt.

428 862 496 892 Will
519 862 576 900 ſeha
599 860 652 899 oͤiza
673 866 729 890 wos
752 868 806 889 mer
827 859 892 897 find.

428 918 488 949 Der
509 918 651 957 Hausherr
671 918 735 957 haut
759 916 809 953 ſein
830 915 923 948 Sabel
942 915 1066 954 braucht,

429 975 490 1006 Mit
511 978 559 1004 den
581 985 606 1005 er
627 975 662 1013 ſih
684 975 709 1004 in
733 972 818 1010 Kroͤig
840 974 905 1012 haut
927 977 1052 1011 g'waugt.

429 1032 488 1063 Und
508 1032 565 1062 weil
587 1033 625 1061 die
648 1030 846 1069 Frauazimmer
866 1039 943 1067 gern,

429 1087 505 1125 Doch
528 1088 650 1126 zvuͤderſt
671 1088 738 1125 gleih
759 1086 805 1124 bey
827 1088 888 1117 all'n
909 1085 1008 1124 waͤr'n,

428 1144 484 1176 Die
506 1144 625 1182 Jungfer
647 1144 710 1182 haut
732 1142 843 1174 d'Latern
865 1142 967 1181 kroͤigt,

427 1201 485 1232 Und
506 1202 574 1239 jeder
592 1199 662 1238 Herr
676 1198 693 1239 a
721 1199 842 1230 brennets
863 1198 951 1237 Loicht.

427 1256 479 1288 Su
500 1255 598 1294 gaͤnges
620 1256 673 1295 oͤiza
695 1265 753 1287 rum
775 1256 801 1287 in
822 1255 921 1294 Haus,

426 1313 486 1345 Und
508 1315 603 1351 ſouch'n
626 1315 670 1343 alli
691 1313 793 1344 Wink'l
814 1319 874 1343 aus.

428 1370 471 1402 Es
492 1371 517 1409 iß
538 1370 593 1409 halt
616 1369 674 1400 ober
694 1369 754 1408 doch
776 1378 819 1400 am
842 1368 905 1401 End

428 1429 484 1464 Nix
508 1432 559 1459 dau
581 1427 683 1465 g'weſt,
705 1426 753 1457 doͤs
775 1436 830 1458 mer
852 1427 931 1465 fanga
949 1426 1034 1458 koͤnnt.

429 1485 502 1515 Wos
524 1484 611 1523 Teuf'l
632 1485 711 1523 mouß
732 1482 781 1514 doͤs
803 1481 882 1521 Ding
902 1485 967 1515 denn
989 1482 1054 1523 ſeyh.

429 1539 495 1579 Oeiz
514 1540 612 1579 gaͤnges
634 1543 659 1571 in
681 1542 720 1572 die
741 1539 849 1572 Stub'n
870 1540 946 1579 neih,

431 1598 489 1630 Und
510 1598 606 1638 b'ſinna
630 1598 666 1637 ſih
688 1598 726 1628 die
748 1597 832 1636 Creuz
855 1598 906 1627 und
927 1594 1024 1633 Quaͤr,

431 1654 507 1686 Wou
527 1657 592 1687 denn
613 1654 661 1686 doͤs
683 1653 762 1693 Ding
782 1655 809 1694 iß
830 1654 936 1688 kumma
952 1653 1005 1693 her.
