2319 3928
684 221 1362 284 )?(o) (t
251 292 1902 388 kraͤnckter Gewiſſens⸗Freyheit unter einem geſegneten
251 374 1902 473 Regiment und Scepter geruhig und vergnuͤget leben
251 450 1901 547 koͤnnen. Denn nachdem dieſes unſchaͤtzbare Kleinod
251 527 1905 630 der allgemeinen ſicher⸗und zufriedenheit unter einem ſo
251 608 1901 710 Gnaͤdigſten Oberhaupte jedermañ unter augen leuchtet /
251 681 1911 787 und nicht nur die feinde der wahren Chriſtlichen freyheit
251 771 1890 870 nachdruͤcklich beſchaͤmet / ſondern auch durch ungemei⸗
251 848 1905 950 nen wachsthum augenſcheinliche proben Gottlichen wol⸗
251 927 1910 1030 gefallens an den tag leget ſo darff zweiffels frey ein je⸗
251 1007 1902 1107 des redliches gemuͤthe die unterthaͤnigſte zuverſicht faſ⸗
251 1091 1895 1189 ſen / einen antheil von allem dieſem guten zu nehmen /
251 1167 1909 1268 und mithin wuͤrcklich zu genieſſen. Es iſt ſonſt die ei⸗
251 1246 1904 1349 genliebe dem menſchen ſo gar angebohren / daß er alles /
251 1331 1908 1422 was von ihm ſelbſt komnit / oder doch angenommen und
251 1405 1904 1500 æſtimirt wird / gern auch von allen andern wolte geliebet
251 1484 1877 1584 und geprieſen haben: dahero denn auch ſo wol in profan-
251 1564 1903 1659 und weltlichen / als in religions⸗und gewiſſens ſachen die
251 1647 1876 1744 gefaͤhrlichſten conſilia und actiones, blutigſten kriege / in-
251 1724 1883 1819 quiſitiones und verſolgungen zu allen zeiten entſtanden.
251 1805 1901 1896 Wann aber im gegentheil unter einem Regiment an ſtatt
251 1883 1902 1977 dergleichen GOtt miſfaͤlligen proceduren jedermañ ohne
251 1963 1905 2056 unterſcheid / auch in geiſtlichen angelegenheiten / gerechtig⸗
251 2033 1902 2135 keit / gnade und ſchutz ertheilet wird; iſt ſelbiges allein
251 2118 1900 2213 von GOTTes liebreicher hand / und vor ein gewiſſes zei⸗
251 2198 1892 2295 chen danckbarlich anzunehmen / daß die Goͤttliche weiß⸗
251 2274 1893 2373 heit / (welche allezeit mit liebe und erbarmen verknuͤpf⸗
251 2357 1901 2453 fet iſt /) nicht nur in regierung ſo mancherley gattungen
251 2439 1871 2530 der volcker und religionen / ſondern auch in heilſamer tem-
251 2514 1901 2611 peratur der gerecht ⸗und billichkeit / wuͤrcklich allda gehor
251 2598 1017 2690 und platz gefunden habe.
296 2705 1456 2836 und dieſes ſis / was w. Ehurfl.
1566 2699 1878 2827 urcl.
251 2829 1892 2920 Gnadigſten ſchirm DERO getreuen unterthanen bil⸗
251 2907 1889 3002 lich hochwerth und theuer machet / auch ſelbige vor DE⸗
251 2982 1891 3078 RO langwierige und geſegnete regierung fernerweit de⸗
251 3064 1871 3158 ſto ernſtlicher zu beten kräfftiglich antreiben moͤchte.
251 3143 1892 3235 Eben dieſes erwecket auch in mir das unterthaͤigſte
251 3216 1885 3351 vertauen / daß w. Ehurfl. Durcl. deſe al—
1536 3334 1870 3408 gemei⸗
1236 3710 2016 3764 Herzog August Bibliothel olfenbüttel
