2319 3928
564 286 716 341 88
784 271 1923 342 Th. I. B. II. . V. von den vornehmſten lehrpuncten
422 928 575 974 Wiede
417 972 570 1017 geburt.
415 376 588 423 zabr c.
439 417 588 466 diß Cc
609 360 1340 418 unverweßligkeit und die unſterbligkeit
1361 349 2227 409 ihm der menſch gehorchet. () Denn an ahr c.
2251 352 2317 396 1
610 403 1342 457 worden waͤre / was wir ſind / damit das
1362 389 2227 452 ihn glauben / iſt nichts anders denn ſei⸗ biß CC.
612 444 1342 504 ver:veſliche verſchlungen wuͤrde von der
1363 432 2153 491 nen willen thun. (r) Die erloͤſung iſt eine
612 488 1344 548 unerweßligk eit / und das ſterbliche von
1361 479 2152 540 groͤſſere wirckung der freyheit / und eine
610 527 1345 589 der unſterbligkeit / und wir die kindſchaffc
1363 519 2154 582 voͤlligere unterwerffung und anmaſſung
611 565 2155 631 uberkamen? b) Alſo hat der Sohn e⸗ gegen unſere frevheit. Denn wir werden
610 612 1345 676 litten / daß er uns durch ſeine wunden le⸗
1366 609 2156 669 nicht deswegen e loͤſet / daß wir nun von
610 662 1347 721 bendig machte l und unſere hertzen
1366 651 2159 709 ihm abweichen ſondern daß wir ihn de⸗
609 695 2157 762 von der finſternus befrevete / und ihm ein ſtomehr lieben / je mehr wir von ſeiner
608 735 2156 803 he:lit volck bereitete. (d) Daher erkanten gnade erlanget haben. (s) Denn dieſes
611 780 2152 848 ſie nun JCſum voi den ewigen Prieſter iſt eben die langmuth EGttes geweſen /
613 822 2158 889 GOttes/ den onitt und Geſalbten / (e) daß der menſch alles durchgienge und ihn
614 866 2158 932 durch weleben ſie auchalleme thre vernderung erkennen lernte / auch ur anfferſrebung
615 909 2145 982 und Wiedergeburt geſchehen zu ſeyn erkan⸗der todten kaͤme / und wircklich erfuhre /
615 950 2159 1020 ten wenn ſie ch ſelbſt Gtt uͤbergeben, und wovon er frey worden ſey. Damit er al⸗
613 995 2159 1064 durch Criſtunm neu geſchaffen worden / ſo dem Errn danckbar ware / und die
612 1037 2159 1107 (xcqomnS«) (f, daß / nach dem ſie gabe der unſterbligkeit von ihm empfien⸗
611 1082 2110 1151 nach der cleichheit des Vaters von neuem ge / damit er ihn deſto mehr liebete. (t)
611 1126 2154 1197 geboren und durch die annehmung des ) juſtmus Di. p. z44 m Ibid. p. 229. n)
611 1196 2144 1281 verwtrrung des ihnen angebornen we⸗c 5. q Theoph! b. 1U p. 10z. (1) Iren.
611 1160 2153 1237 warhafftigen gemachet worden / ſie die Iren 11..e. 20 0IIemV. c i3. (o) lbid.
611 1257 1371 1323 ſens veraͤnderten.g) Denn er ſey kom⸗l
1408 1233 2122 1286 Vc 14 s Ibid c 27. t Idem Il1 c. 22.
611 1305 1372 1362 men alle durch ſich ſelbſt ʒu erloͤſen / die
1436 1273 2234 1345 6. So beſchrieben ſie nun die bekehrung geteh⸗
1497 1320 2222 1387 nſchen alſo / wenn ſie die unglaubiqerung.
611 1343 2143 1450 clintciei biinil ldnn enmhen d meonſb nſte
611 1435 1354 1489 beten / die waren nicht mehr ſolche / wie
1347 1407 2159 1468 uberzeuget ſeyn und glauben / daß die
612 1477 1353 1535 ſie von anfang geſchaffen geweſen. (1)
1374 1451 2162 1510 lehreChriſti wahr ſey / und muſſe ihm vor⸗
616 1521 1354 1577 Denn da er ſie erkante zur vergebung der
1375 1493 2162 1553 nehmen alſo zu leben / ſo dann beten / und
617 1564 1357 1624 ſunden / hat er gemacht / daßihre ſeele eine
1375 1538 2164 1597 die vergebung ſener voriten ſunden von
617 1608 1356 1664 andere figur habe / wie ein kindlein / damit
1376 1579 2165 1638 Gtt ſuchen / damit er alſo wiedergebo⸗
618 1650 1337 1713 er ſie auch von neuem gebildet hat. ()
1376 1623 2164 1680 ren und der ſůnden loß werde / und den
615 1698 1349 1755 () Juſtinus Apol l p. 45 ) 1bid p. 1. (2
1374 1665 2164 1726 ſinn veraͤndern konne. (u) Wernur noch
663 1737 1350 1784 Idem Apol. l p.68. (a lrenxus 1l c.5. (d)
1376 1710 2157 1769 vor ſich ſorge / und die ſeligkeit erlange /
654 1772 1350 1819 Jbid. c. 21. c) Barnabas Ep ſt. p.17. (d) Ibi.
1374 1750 2162 1809 und Ott vertraue / dem ſey ſchon kraſft
655 1796 2159 1857 .11 (e) uſtinusDral p. t) Idem Apol. da / daß er den Criſt Gttes erkenne /
664 1838 2158 1897 J. p 3. ( Tauanus Omp. 14s. (h) Iien. vollkommen und gluͤckſelig werde. ()
423 1984 582 2033 Glaube
657 1878 1347 1930 II.c 39 ) Barnabas Epiſt p. 44 () Ibid
655 1925 819 1969 p. 14.
664 1966 1353 2026 15. Alles dieſes ſchrieben ſie demlebendigen
1378 1883 2165 1942 Er muͤſſe anders ſinnes werden von ſei⸗
1376 1920 2165 1980 nen ſuͤnden / und erkennen / daß dieſer iſt
1375 1968 2161 2028 der Criſt / und ſeine gebote halten / ſo
621 2012 2155 2072 glauben an CHriſtum zu / durch welchen ſie al-werde er vergebung der ſunden haben (y)
620 2055 2163 2115 lein gerecht und heilig wuͤden. Der Teuffel] Den er hat nicht die gerechten und rei⸗
617 2139 2154 2198 hen / aber die krafft GOttes / die durch gottloſen / unreinen / und uncerechten.
618 2097 2163 2156 war uns nahe und wolte uns zu ſich zte⸗/ nen zur bekehrung cerufſen / ſondern die
618 2186 1355 2243 Criſtum uns gegeben iſt / treibet ihn
618 2228 1353 2283 von uns Und wir ſind gletchſam aus
428 2272 1354 2333 rechtferti, dem fuer geriſſen / nemlich von den vort⸗
1375 2182 2164 2241 Der himmliſche Vater will auch lieber die
1376 2225 2160 2284 veraͤnderung als ſtraffe des ſunders (2)
1374 2268 2155 2325 Daß dueſes aber aus laute gnaden geſchehe '
427 2332 564 2377 get.
616 2310 2262 2376 gen ſunden gereiniget / und durch die bekennen ſte glelchſals. einet ihr wol / Gnade
617 2355 2276 2415 trubſalen und die feuer⸗probe bewahret/ heiſſet es daß wir dieſes jemals in der GOttes
617 2399 2239 2456 damit uns der Teuffel und ſeine helffer Schrifft hatten verſtehen koͤnnen / wo dadey.
617 2443 1357 2498 uͤben. Daher uns JEſus der Sohn
618 2485 1358 2543 GOttes wieder auszeucht / welcher uns
620 2529 1357 2585 mit dem zubereiteten leiden anthun wil/
1376 2441 2160 2495 wir nicht durch den willen Ottes / der
1377 2484 2161 2542 es alſo gewolt hat tnade empfangen
1378 2526 2156 2582 hatten? (a Darum wirderholten ſie aus
621 2571 2164 2628 wenn wir ſeine gebot mit der that voll⸗ Paulo / daß die cabe ihres heyls nicht von
619 2612 2161 2673 bringen / und verſpricht uns eu ewiges ihnen / ſonder von GOtt ſey. (b) Wir
622 2659 1365 2713 reich durch ſeine vorſorge zu bererten. (1)
1377 2657 2161 2713 ſind eut duͤrres holtz / und wuͤrden nim⸗
1377 2696 2163 2753 mermebr zum leben frucht bringen / ohne
1378 2743 2142 2795 dem hinmliſchen freywilligen recen:
1379 2779 2157 2842 Jedoch redeten die Lbſeedamals von dieſem
1379 2826 2155 2884 punct etwas freye weil die ſtreitigkeitennoch
1381 2870 2135 2924 ucht angegangen waren wte die folgendenbe
624 2700 1358 2755 Denn welche da buſſe gethan haben / die
623 2744 1359 2802 ſind in dem tlauben durch Criſti blut
623 2782 1358 2841 und tod verſoͤhnet der des wegen eben ge-
622 2830 1359 2885 ſterben iſt. (m) Es muͤſſen ihrer vtel
623 2874 1356 2926 durch den tehorſam eines menſchen / der
626 2916 1355 2971 uerſt von einer Juntfrauen geboren iſt /
1381 2906 2253 2968 kennen. (d) Daheo ſchreiben ſie: Die ro Vomfrey⸗
626 2957 1354 3019 gerecht und ſelig werden (n Der glaube
1380 2949 2247 3016 ph. ten und Apoſrel hatten die menſchen en willen.
628 3002 1357 3056 an Dtt machet gerecht / (o) und wel⸗
1380 3001 2161 3056 ur gerech tigtet t cemahnet / und das
631 3045 1360 3101 che da glauben denen iſt der tod des
1381 3042 2162 3102 gute zu thun / weil daſſelbe in ihnn wa⸗
632 3089 1362 3144 Eerneine heilittuntt und vergebungih⸗
1382 3087 2165 3140 re. (e) Ja derErr habe nicht a lein n
633 3127 1362 3184 rer ſunden worden. (p) Was nun der
1384 3130 2149 3183 den wercken / und alſo nach der wtederge—
633 3174 1363 3226 menſch durcl ſeine unachtſanikeit und
1383 3169 2145 3225 burt) ſondern auchtm clauben / und al⸗
632 3214 2163 3272 ungehorſam ihm hat zuwette gebracht / ſo vo undinderfeloen) dem menſebeneinen
629 3256 2149 3312 das ſchencket ihm itzo GOtt durch ſenel freyen eigenen willen gelaſſen daer ſagt:
628 3300 2161 3363 freundligkeit und barmhertzigkeit / weil di geſchehe nach deinem glauben. Da⸗
1989 3343 2165 3389 mit
361 3686 1123 3748 Hlerog August Bibliothel Volfenbüttel
361 3748 952 3824 odal
966 3762 1102 3799 i
785 3794 936 3825 Gfa Sca e
359 3816 825 3855 0 2 3 4
