2319 3928
296 309 366 340 an
496 250 1433 314 und irrungen in dem andern Jabrhundert.
1618 251 1769 310 89
52 335 953 393 Jahr mit er gewieſen / wie der glaube dem men⸗
52 373 193 428 biß cc.
207 376 954 432 ſchen eigen ſey / weil er ſeinen ſinn hat. (f)
52 418 194 462 Ebenbild
210 419 952 473 leichwie ſie auch von dem ebenbilde Got⸗
52 459 187 502 ottes.
207 462 954 518 tes / ucht nach den hernach folgenden ſaͤtzen
206 507 955 562 lehreten / als da ſie die worte: laſſet uns einen
204 551 954 602 menſchen machen nach unſerm bilde und
203 593 952 649 gleichheit/ allein auf CHriſtum deuten/ und
976 332 1890 388 an die ʒukunfft ſeines ſohnes glauben / Jahr C.
976 377 1879 432 und den geiſt GOttes durch den glau⸗biß C.
975 419 1774 474 ben in thren hertzen haben / die heiſſen mit
974 464 1775 517 recht reine / geiſtliche und Ott⸗lebende
974 508 1777 562 menſchen. Denn ſie haben den Geiſt des
975 552 1776 605 Vaters der den menſchen reiniget, und
973 596 1772 648 ihn in das leben Gottes erhebet. Den wie
202 638 1773 698 dabey lehren: Vor dem fall ſey zwar der das fleiſch ſchwach iſt / alſo hat auch der
965 685 1777 739 willige Geiſt ein zeugnus von GOtt em⸗
202 682 957 736 menſch GOttes bild genennet / aber
201 725 950 778 icht alſo erwieſen worden/ weil der
200 769 950 823 Sohn Ottes noch nicht menſch wor⸗
199 813 953 866 den (g) ltem, der menſch ſey nicht von
200 855 953 910 GOtt vollkommen erſchaffen worden.
200 899 953 956 (h) Der Schopffer habe in dem menſchen
198 945 951 997 etwas ausgelaſſen / welches hernach das
197 988 950 1043 wort vollfuͤhret haͤtte. ()Ja / der menſch
194 1028 950 1086 ſey von anfang weder ſterblich noch un⸗
194 1076 950 1131 ſterblich gemachet: jenes nicht / weil er
194 1120 949 1172 ſonſt Gtt waͤre worden: Dieſes weil
197 1165 950 1223 ſonſt ott ein urſprung ſeines todes haͤt⸗
974 728 1768 783 pfangen. Dieſer iſt maͤchttg zu vollen⸗
974 772 1777 823 brintten was er hat. () Und hieun bitten
973 813 1775 870 ſie Ott / daß ſie durch Chriſtum bewah⸗
973 859 1777 912 ret wurden biß ans ende / und vor thm un⸗
971 902 1775 958 ſtrafflich bleiben. (ſ) Damit ſie alſo
971 947 1773 1003 warhafftig das Prieſterliche geſchlecht
969 990 1772 1045 GTTES vollkommen waͤren durch
969 1036 1776 1093 den in ihnen wohnenden Geiſt GOt⸗
971 1082 1152 1133 tes (t)
972 1126 1765 1181 () Juſtinus Dial.p 227. (m) lren. ll. c.7. ()
1020 1168 1757 1216 uſtin Ap ll p 63. (o, Athenagor 3. p
203 1207 957 1260 te heiſſen koͤnnen. ()
244 1231 998 1304 (u) Juſtinus Apol.ll p. o. () Id Dial. p. 22.
1031 1204 1764 1250 luſtin Ap. ll. p. 40. (q) Iren. ll. .7 ()
1004 1236 1757 1291 Iem V. p. 56. (1) Juſtin Dial. p. 247. t)
1000 1273 1514 1324 Ibid.p. 344 (u) lren. p. 0
242 1287 945 1334 () Ibid p 32 (2) Idem Apol. l p. 62. ()
227 1322 944 1367 Dial.p 27 (b) Iien lll. c. 22 (c) Ibid.c 19
229 1359 945 1405 (d) Auguſtin. b adv Juhan Pelag c.2. ()
231 1395 943 1440 Iren. 1.c 32 (t) Ibid. (g) Ide lb Vp
220 1431 943 1480 549 (h) IdemlV. c. 73. (1) Idem V. p. 548.
227 1465 551 1509 ( Theoph hb 1
198 1497 944 1554 17 Nach der wiedergeburt aber geſtunden
52 1531 944 1598 Haltung ſie dem menſchen gerne zu / daß e die gebote
52 1581 943 1640 der Gebo/ Ottes halten konne und ſolle. Und wa
52 1618 137 1659 te.
198 1631 939 1684 dieſes vielmeh der unglaubigen einwuff: Eu—
200 1676 942 1731 re gebote im Evangelio ſind ſo groß und
199 1718 941 1770 wunderbahr / daß wir meinen / es koͤnne
196 1761 939 1814 ntemand dieſe lben bewahren. l) DieChri
196 1806 941 1861 ſten aber bekanten / daß das wort des Va⸗
198 1848 941 1904 ters zwar die ſeele frey / und durch dieſe
197 1892 942 1947 auch den leib freywillig reintge. Dahero
197 1935 940 1990 auch die bande der knechtſchafft wet te⸗
198 1977 939 2033 than waͤrẽ. Allein es waͤren die geſetze der
198 2022 936 2076 freyheit nun auch wetter ausgedehnet/
198 2064 941 2119 und die unterthanigteet unter dem kͤ
199 2105 942 2165 nige erſtrecke ſich weiter / damit keiner
198 2152 940 2211 uruͤck gehe / und dem / der ihn frev ge⸗
198 2192 936 2248 niacht vat / unanſtaͤndig ſey. Deswe⸗
197 2240 938 2295 gen der Err an ſtatt des gebots: Du ſolt
198 2278 935 2335 nicht ehebrechen / auch dir boͤſe luſt ver⸗
52 2327 177 2374 Kennzei⸗
199 2325 936 2378 boten habe (und alſo alle gebote erweitet)
52 2372 177 2410 chin del
200 2370 939 2422 denn ſo habe er das ceſerz erſullet und
52 2406 175 2454 Chriſten.
200 2408 933 2468 ausgerichtet m, Und dieſes ſey das kenn
197 2450 926 2509 eichen der wahren Chriſten / daf ſie Cht
195 2498 921 2555 ſto gehocheten. Wer nicht alſo lebet
192 2540 926 2597 wie er gelehrer hat ſchrteben ſie andieHe
191 2585 930 2642 den davon iſes em gewiſſer beweiß / daß
191 2629 931 2681 er kein Chriſte ſcv / ob er gleich mit der
192 2668 933 2727 ungen die lehre riſtt bekennete. Denn
193 2711 933 2773 er ſpeueht / da:ß nilt die ſelitt wuͤrden / die
194 2757 933 2813 es nur bc'enneten ſondern die auch ihre
194 2803 934 2862 bekantnus mit den wercken bekraͤfftig⸗
196 2845 932 2901 ten. (n) Diumbeſchrieben ſie ſich auch ſelber
198 2889 933 2943 als menſchen deren gantzes leben zu Gott
199 2931 933 2988 als ener recel und richtſchnur gerichtet
198 2974 930 3028 wird / damtt n jeder ſich vor thm unta
197 3016 931 3073 deltch und unſtraflich erwieſe / und auch
196 3060 935 3121 nicht mit gedancken die geringſte ſunde
196 3103 933 3160 begehe (0) Un alſo befleiſigten ſie ſich einer
52 3152 166 3198 Reinig /
196 3150 934 3203 reten und nt eiligkeit verwahrten
52 3189 933 3248 ket / uiſeele als welche Otr alleine fordere; p)
52 3227 932 3287 igkei de Und eines ſolchen wandels mit Gott dar⸗
52 3266 931 3334 leben · inncn nichts boͤſis tteſpuret werde. (q)
144 3318 931 3379 Welche nun GOtt furchten hieſſe es/ und
969 1323 1747 1384 18. Von dem hoͤchſten zweck der herwieder—
966 1371 1892 1429 brinqun / nemlich der vereintgung mit Vereint-
965 1412 1897 1471 GOtt und Chriſto finden wn ſchon die Leh, gung mit
964 1458 1839 1518 1 cht mehi ſo nachdruͤctlih und bruͤnſti Ott.
964 1504 1758 1558 reden als die vorigen, und nach thnen nahm
963 1541 1746 1602 die gnade imme mehrab je mehr man anfin—
964 1586 1742 1646 ge ſich derweltgleich zuſtellen, oderzum wenig—
964 1630 1751 1686 ſten mit hoffart / zanckſucht / ntid und derglet—
965 1670 1746 1730 chen G Ottes kiafft zu hindein. Doch erkan—
965 1717 1761 1779 ten ſte noch / daß die menſchen das eintge
962 1760 1762 1816 ſuchen und wieder erlangen muͤſten / was
963 1803 1760 1861 ſie zuvor verlohren gehabt / und ihre ſecle
963 1842 1758 1905 mit dem . Geiſt verknuͤpffen / und alſo
963 1886 1764 1953 ihre vereinigung mit Gdtt ſorgfaͤltig
962 1933 1761 1991 erlancen. () tt muſte anfangen in
963 1973 1751 2034 uns z erſcheinen undin uns zu wohnen /
964 2020 1761 2075 das herrz muſte ein tempel des Errn
962 2060 1754 2119 ſeyn. () Aus welche vereimigung ſie dieſe
962 2102 1752 2164 gememſchafft mit Ott erfuhꝛen / davon ſie
962 2151 1749 2205 alſo redelen: Wir verlangen ein ſtaͤtiges
961 2194 1754 2250 reines leben / und begehren mit GOtt
958 2236 1752 2298 dem Schoͤpffer und Vater aller dinge
959 2282 1741 2338 umzugehen / und zu leben / und glauben /
960 2324 1747 2377 daß dieſes von denen erlantet werde /
959 2367 1751 2426 welche in der that Gtt beweiſen daß
956 2409 1750 2470 ſie ihm folgen / und ſeinen umgang lieb
957 2455 1748 2509 haben / wortnn ketne widcice boßheit zu
956 2496 1726 2553 finden iſt. (7) Und hieaus zogen ſie die hern—
955 2539 1867 2600 ichſten fruͤchte dei ruhe ihres hertzens und Ruhe in
955 2583 1839 2640 des lebens m Chriſto: Welchein der lehre Chriſto.
954 2627 1745 2685 CHriſti ſich uben / denen wiederfahret
953 2672 1746 2727 die allerlieblichſte ruhe und wer den
953 2713 1743 2771 Criſt Gttes erkennet / der wird zur
954 2754 1745 2818 vollkomnenheit gefuhret / und erlanget
955 2802 1748 2858 die ſeligkeit. (a) Deswegen ſagten ſie von
955 2844 1739 2902 ſich: Ott wohnet warhafftig in uns /
953 2888 1746 2943 gletchwie das wort ſeines ctlaubens / der
955 2931 1745 2988 beruff ſeiner verheiſſung die weißheit
954 2975 1743 3033 ſeiner rechte / die gebote ſeiner lebre / ja
956 3017 1741 3075 er ſelbſt weiſſaget in uns, er ſelbſt woh⸗
955 3066 1746 3119 net m uns / die wir im tode ttefangen
955 3104 1742 3159 lagen / und thut auft die thuren des
953 3148 1720 3205 tempels u.ſ.f. (b) Und von ſolchen leugne
951 3193 1738 3246 ten ſie nicht, daß die k'rafft des woirts
951 3235 1842 3290 (Criſtt) ſie unſterblich und zu oͤt- Vtgot-
950 3280 1829 3334 tern mache. (c) Der menſih muſſe zur iuuna
947 3323 1726 3377 unſterblichkeit wieder kon:men / da er
1123 3365 1310 3414 M 3
1529 3371 1722 3419 Got
1169 3709 1935 3767 Herog August Bibliothel Volfenbüttel
1563 3774 1920 3845 odal m
1644 3814 1913 3845 S
