1756 2440
368 71 530 234 De
539 72 909 244 Rome.

663 196 889 242 Nomen

662 256 1019 303 Pronomen.

136 303 172 352 ¶
173 303 270 345 Octo
277 263 349 371 ſene
376 263 668 371 pareedosstonis.
693 305 891 346 Verbum

139 357 206 396 Es
222 357 323 408 ſindt
333 358 514 407 achtterley
524 352 662 399 woͤrter
693 358 932 399 Aduerbium

137 411 194 452 die
205 410 425 461 man
285 410 322 463 in
341 410 423 461 aller
434 412 540 461 red
542 412 662 462 pꝛaucht.
701 413 938 463 Participium

416 495 419 498 N
708 463 921 505 Comunctio

266 515 465 564 Dictio
393 515 409 568 /
424 515 478 568 ein
473 523 564 558 won
706 517 923 568 Piepoſitio

675 570 926 624 Interiectio.

137 620 173 669 ¶
172 620 256 673 Illa
263 622 365 664 dictio
374 622 422 672 eſt
431 621 627 664 nomen
558 614 571 680 /
583 614 626 680 eui
635 622 672 662 in
679 622 803 675 noſtra
811 624 934 676 lingua
940 621 1094 728 P
1059 614 1142 685 addi
1153 622 1154 633 /
1177 614 1231 685 ein.
1242 614 1278 685 vt
1274 618 1422 709 om

138 675 194 730 ein
199 675 351 730 menſch.
377 675 483 730 Squss
502 677 562 716 ein
575 676 692 726 pferdt

580 728 794 772 nalitas.

150 807 194 810 5
482 817 484 819 f
599 781 853 834 Comparatio.

137 787 335 883 cem
341 834 497 878 gecidunt
503 832 553 886 ſer
593 833 727 875 Senus
862 866 867 871 g

287 920 290 922 a
561 887 798 937 Numerus

599 936 737 994 Figura

581 993 754 1045 Caſus

394 1038 529 1125 De
520 1014 908 1132 Aualitate.

520 1137 522 1139 ¶
564 1123 728 1188 Pꝛopꝛium
743 1139 760 1170 /
770 1123 820 1188 ein
841 1123 961 1188 aygner
968 1101 1048 1192 oder
1070 1101 1245 1192 tauffnam

140 1178 175 1285 9
183 1178 323 1241 Nomen
329 1163 384 1245 eſt
404 1167 526 1235 duplex
549 1181 559 1232 f

390 1265 476 1274 I
547 1233 802 1287 Cõmune
732 1224 788 1291 vel
808 1229 1183 1286 appellatiuũ
1033 1224 1096 1291 das
1111 1224 1185 1291 kein
1191 1201 1359 1299 taufftam
1379 1235 1424 1295 i

394 1276 518 1370 De
543 1293 1104 1379 Comparatione.

599 1391 602 1397 ¶
645 1366 838 1411 Adiectiuũ
822 1358 842 1424 /
846 1371 898 1408 cui
907 1371 944 1409 in
959 1358 1044 1424 teuto
1056 1358 1122 1424 nico
1133 1358 1246 1424 poteſt
1253 1372 1343 1418 add

135 1371 323 1498 edo
335 1394 407 1476 iter
426 1394 475 1476 eſt
485 1392 614 1476 dupler
625 1419 638 1470 1
652 1419 1041 1510 S

625 1470 696 1526 S
693 1447 894 1530 abſtantiuũ
907 1488 911 1514 /
935 1476 969 1516 an
990 1447 1050 1530 non
1059 1471 1175 1556 poteſt
1182 1478 1307 1520 addi

136 1733 228 1789 minũ
249 1733 436 1789 quattuoꝛ]
447 1734 506 1776 VN.
574 1735 607 1786 i
604 1733 1042 1788 pꝛeponieur
852 1733 927 1789 Soc
937 1733 954 1789 /
969 1733 1042 1789 Das

419 1786 547 1841 CSe
574 1836 668 1888 9
825 1788 940 1864 Lic
952 1792 1027 1843 hee
1014 1786 1035 1863 /
1035 1793 1098 1834 der
1106 1796 1181 1836 vnd
1189 1793 1247 1859 die

134 1840 557 1977 omeatpbentn
531 1839 986 2001 een
1171 1870 1336 2015 eee

1226 2004 1265 2049 A
1285 2005 1317 2058 6

311 1556 421 1617 De
435 1546 688 1620 Senere
700 1554 990 1624 nominũ.

411 1629 500 1681 M
500 1629 541 1681 —
826 1628 858 1689 65
853 1631 918 1675 Sie
922 1650 935 1672 /
957 1632 1018 1674 Der

134 1680 171 1731 ¶
179 1678 317 1736 Genera
343 1678 424 1736 no⸗
443 1678 539 1733 F.
824 1680 1012 1736 Hec
921 1678 938 1736 /
953 1680 1012 1736 Die
