1756 2440
347 181 768 279 Joannes
783 171 1124 279 Auentinus
1157 197 1566 279 ſtudioſis.

413 273 1351 337 Srammatice.
813 273 957 337 Salutem
975 273 1011 337 et
1029 273 1185 337 ingenuos
1375 278 1485 301 laboꝛes.

321 385 353 433 ¶
357 384 507 428 Guãuis
516 384 629 425 multa
638 384 781 435 variaqʒ
790 394 811 424 a
818 381 1092 437 doctiſſimis
1026 379 1076 437 /ad
1102 381 1312 433 inſtituẽdes
1321 379 1619 434 pueros
1455 379 1472 437 /
1483 379 1619 434 rudeſqʒ

317 438 509 488 conſeripta
517 437 596 488 ſint.
605 435 749 477 Nullus
757 436 882 488 tamen
891 434 1010 483 adhuc
1022 432 1108 488 mihi
1123 432 1236 488 quidem
1266 435 1347 482 ſatis
1358 433 1438 484 facit
1452 434 1617 480 omnino.

319 490 569 537 Guãdoquidẽ
580 489 747 540 cõplura/
755 492 791 540 q;
800 499 867 540 que
874 488 1007 539 facile
986 486 1003 540 a
1015 489 1135 537 pueris
1142 496 1177 526 et
1182 487 1331 526 rudibus
1340 486 1467 537 percipi
1486 491 1618 537 qdeane

318 544 514 586 tradũt.
476 537 504 594 Et
521 545 588 594 que
596 542 660 583 etiã
668 543 794 581 melius
805 542 1003 582 auctoꝛitate
1010 551 1047 580 ac
1054 541 1250 581 imitatione
1260 543 1296 589 q
1304 542 1466 590 pꝛeceptis
1476 537 1614 584 diſcumt᷑

319 596 395 636 Aut
404 596 548 646 ſolidiou
556 597 636 636 etati
646 595 844 643 reſeruanda
859 590 977 646 foꝛent.
1003 590 1217 646 Maltitudine
1229 592 1286 632 em̃
1294 592 1434 643 ingenia
1443 590 1615 632 oßrnunt
1600 590 1615 646 /

322 652 410 689 dum
421 650 512 700 nihil
521 648 798 700 pꝛetermittendũ
812 649 952 696 cenſent.
976 647 994 686 A
1003 645 1121 695 ſtudio
1144 641 1357 700 grammatice
1373 641 1544 700 deterrent.
1555 641 1616 681 Et

315 711 496 755 cexpertus
506 702 694 750 loquoꝛ)
662 696 697 755 in
704 701 937 752 deſperationẽ
947 698 1317 748 ſeductt.
1114 696 1155 755 Ob
1176 698 1300 748 cõmunẽ
1327 698 1434 748 igitur
1443 696 1618 745 ſtudioſo⸗

321 748 389 806 rum
408 774 421 796 /
432 748 578 806 pꝛecipue
603 748 785 806 Sermanoꝛũ
820 752 1049 792 vtilitatem
1004 748 1016 806 /
1026 748 1054 806 et
1070 761 1087 799 ꝙ
1099 749 1197 791 om̃is
1205 750 1375 799 inſtitutio
1385 751 1423 797 q;
1431 748 1614 800 facillima/

323 818 403 858 atqʒ
412 806 608 858 breuiſſima
618 806 678 857 eſſe
685 805 794 846 debet
792 800 809 858 /
807 805 993 857 grãmatice
1001 811 1152 855 pꝛecepta
1162 805 1199 842 in
1208 813 1289 842 eum
1298 800 1414 858 oꝛdinẽ
1430 800 1491 858 qui
1500 800 1614 851 vulgo

322 875 384 917 per
393 862 533 914 figuras
543 868 707 901 vocatur
696 850 715 917 /
715 869 761 899 xa
771 858 903 905 noſtris
913 858 1077 898 inuentus
1087 854 1398 905 eſteõpoſui
1323 850 1401 917 Guo
1410 848 1614 909 vnuſquiſqʒ

325 920 363 967 q;
374 915 548 967 facillime
530 907 548 967 /
559 922 589 952 et
598 912 698 964 abſqʒ
706 918 846 962 magno
855 909 979 951 laboꝛe
967 907 984 967 /
987 916 1106 949 cuncta
1115 909 1278 952 inuenire
1267 907 1279 967 /
1288 907 1487 959 intelligere
1477 907 1494 967 /
1496 917 1535 946 ae
1543 915 1618 953 me⸗

323 969 427 1010 moꝛie
436 966 639 1012 cõmendare
649 963 770 1016 poſſit.
795 959 856 1016 Nec
866 959 957 1016 erubi
967 960 1150 1001 vernacula
1166 960 1289 1012 lingua
1297 960 1494 1011 loqui/cum
1502 960 1536 998 id
1546 959 1618 999 do⸗

323 1020 495 1072 ctiſſimos
504 1018 631 1071 Itales
640 1018 743 1067 facere
751 1016 911 1056 videam
894 1011 906 1072 /
921 1022 952 1054 et
961 1014 1074 1066 ſepius
1084 1014 1215 1062 aliquid
1228 1022 1304 1062 vno
1314 1012 1421 1053 verbo
1437 1011 1614 1053 teutonico

322 1076 424 1115 rudis
437 1064 687 1124 accipiet/quod
709 1064 857 1124 ambages
883 1068 919 1108 in
928 1068 1052 1120 lingna
1061 1066 1170 1106 latina
1180 1067 1289 1109 eidem
1297 1064 1474 1115 obſcurius
1483 1064 1616 1115 facerẽt.

322 1124 481 1178 periculũ
488 1126 524 1165 in
548 1118 721 1178 huiuſmodi
743 1118 903 1178 traditiõe
912 1121 1041 1160 nimirũ
1049 1119 1202 1169 fecimus.
1210 1118 1323 1161 Nam
1333 1118 1489 1168 pꝛinceps
1499 1123 1660 1157 meus.

317 1179 472 1228 Ceteriqʒ
480 1178 621 1229 ingenui
629 1176 724 1225 pueri
733 1179 804 1213 mee
812 1173 894 1223 fidei
906 1168 1038 1222 cõmiſſi
1046 1172 1221 1214 continuo
1231 1170 1391 1222 poſteacd
1402 1170 1544 1210 Donati
1553 1168 1617 1213 ele⸗

323 1239 442 1272 menta
451 1232 555 1282 legere
566 1227 787 1280 ſeiuerãt
704 1222 722 1282 /
727 1227 784 1280 hoc
795 1233 900 1278 pacto
910 1235 933 1265 a
948 1222 982 1282 me
999 1235 1011 1263 /
1012 1231 1091 1266 octo
1102 1223 1248 1266 ditar
1220 1222 1254 1282 at
1258 1222 1437 1271 menſibus
1447 1222 1613 1273 inſtituti⸗

323 1280 531 1324 Srãmatice
539 1282 714 1321 rudimẽta
721 1282 769 1321 ad
777 1288 938 1331 vnguem
946 1277 1139 1327 callent.
1100 1273 1133 1331 Id
1148 1276 1197 1329 qð
1205 1275 1296 1316 alias
1304 1277 1361 1321 vix
1370 1276 1517 1316 triennio
1525 1273 1615 1323 adſe⸗

326 1338 393 1377 cuti
403 1333 551 1385 fuiſtent.
575 1327 625 1385 Sed
646 1343 688 1372 ne
698 1333 782 1381 plus
791 1341 880 1384 equo
890 1327 982 1385 verbo
998 1327 1064 1385 ſioꝛ
1081 1327 1150 1385 ſim.
1169 1327 1268 1385 Valete
1279 1327 1290 1385 /
1295 1327 1327 1385 et
1336 1329 1414 1382 equi
1424 1327 1548 1382 boniqʒ
1557 1327 1616 1370 cõ⸗

325 1390 426 1442 ſulite.
447 1381 615 1442 Monachũ
642 1386 737 1442 ludis
746 1384 962 1433 Februariſs.
970 1383 1079 1426 Anno
1088 1381 1222 1432 ſalutis.
1229 1381 1404 1432 MN.
1323 1381 1353 1442 D.
1365 1381 1404 1442 r.

364 1489 610 1540 Huãdoquidẽ
618 1472 714 1535 iuxta
721 1481 826 1535 Fabi
833 1481 994 1536 ſententiẽ
1002 1485 1037 1525 in
1045 1473 1219 1536 pꝛimis
1171 1464 1185 1540 /
1192 1464 1220 1540 et
1224 1464 1308 1526 ante
1316 1466 1440 1532 omnia
1448 1484 1547 1534 pueri
1554 1481 1615 1522 de⸗

325 1544 448 1584 clinare
457 1551 487 1582 et
494 1542 681 1593 coningare
692 1541 808 1588 diſcere
817 1538 947 1580 debent.
958 1538 1052 1592 Ego
1057 1534 1075 1593 o
1064 1534 1202 1588 miſſis
1210 1548 1277 1590 que
1292 1537 1379 1585 nihil
1389 1539 1438 1577 ad
1449 1538 1615 1580 eruditio⸗

327 1608 407 1637 nem
416 1595 561 1645 pueroꝛũ
568 1594 680 1645 faciñt.
707 1592 738 1639 Ab
753 1592 834 1639 octo
845 1591 1215 1644 partibßuſoꝛationibus
1223 1590 1369 1646 incipio/
1377 1588 1473 1651 ſicuti
1506 1588 1615 1651 Dona⸗

326 1658 391 1693 tus
397 1645 466 1714 fecit
478 1662 488 1692 /
503 1655 534 1714 et
536 1647 697 1714 Seruius
704 1645 860 1698 pꝛecipit.

738 1756 1007 1776 r
1060 1766 1062 1768 a
1137 1763 1142 1770 N
1205 1765 1208 1769 7
1368 1757 1457 1769 „
