1168 2020
294 120 340 169 2
578 106 921 171 Die Raͤuber,
293 204 1149 267 meinem Sohne ſchreibt er? — wie kommſt du zu
291 261 1149 323 dieſer Beſorgniß? Du haſt mich zweymal gefragt.
297 304 1149 373 ranz. Wenn ihr krank ſeyd — nur die leiſe⸗
291 365 1149 429 ſte Ahndung habt es zu werden, ſo laßt mich —
289 421 1149 481 ich will zu gelegnerer Zeit zu euch reden, haib vor
288 472 1149 537 ſch. Dieſe Zeitung iſt nicht fuͤr einen zerbrechlichen
287 535 475 591 Koͤrper.
290 576 1149 637 D. a. Moor. Gott! Gott! was werd ich ho⸗
285 635 421 680 ren?
290 661 1149 728 Franz. Laßt mich vorerſt auf die Seite gehn,
285 716 1149 773 und eine Traͤne des Mitleids vergießen um meinen
284 768 1149 826 verlornen Bruder — ich ſollte ſchweigen auf ewig
284 821 1149 880 — denn er iſt euer Sohn: Jch ſollte ſeine Schan⸗
280 874 1149 935 de verhuͤllen auf ewig — denn er iſt mein Bruder.
283 927 1149 989 — Aber euch gehorchen iſt meine erſte traurige
281 982 852 1044 Pflicht — darum vergebt mir.
284 1026 1149 1094 D. a. Moor. O Karl! Karl! wuͤßteſt du wie
277 1084 1149 1151 deine Auffuͤhrung das Vaterherz folteit! Wie eine
277 1138 1149 1207 einzige frohe Nachricht von dir meinem Leben ze⸗
277 1188 1149 1260 hen Jahre zuſetzen wuͤrde — mich zum Juͤngling
277 1242 1149 1309 machen wuͤrde — da mich nun jede, ach! — ei⸗
277 1299 943 1362 nen Schritt naͤher ans Grab ruͤckt!
278 1345 1149 1420 Franz. Jſt es das, alter Mann ſo lebt wol —
277 1398 1149 1467 wir alle wuͤrden noch heute die Haare ausraufen
277 1465 660 1521 uͤber eurem Sarge.
277 1502 1149 1574 D. a. Moor.. Bleib! — Es iſt noch um den
277 1554 1149 1627 kleinen kurzen Schritt zu thun — laß ihm ſeinen
277 1615 867 1682 Willen, indem er ſich niederſezt. Die
877 1606 1149 1665 Suͤnden ſeiner
975 1657 1148 1708 Vaͤter⸗
