1021 1647
261 99 389 150 Sufler
406 106 472 149 got
480 101 574 148 nach
585 99 662 138 dein
669 100 784 149 gnade
792 98 852 150 (tet
861 101 929 140 mei

258 152 351 201 beit
359 156 435 198 end
444 153 533 188 einen
544 153 635 200 engel
644 152 717 199 auß
728 155 803 189 dem
813 152 929 199 hymel

129 204 191 252 Her
201 214 238 246 zu
249 207 330 240 mir.
340 203 477 246 Dasıch
488 205 539 238 ein
549 200 643 245 buch
655 210 718 239 mit
728 202 859 239 inniteit
870 207 929 250 gc#

131 253 255 301 mache
264 254 317 289 dir
354 254 424 289 „Das
435 251 491 296 Ich
502 258 577 288 von
589 250 719 288 deinem
730 251 927 301 angtefichte

130 313 218 352 mug
229 303 383 350 (prechen
395 302 487 339 unde
495 298 628 346 fingen.

129 355 163 401 €]
176 355 259 395 Wie
268 355 338 390 das
348 360 424 391 von
441 348 637 399 Yerufalem
647 347 720 392 hyn
730 355 793 393 gen
803 348 926 388 Rome

128 403 281 443 Fan.
238 395 276 446 vn
292 406 384 446 auch
395 405 472 437 dem
484 399 623 439 Ergcken
638 395 767 444 Reyfer
777 397 926 442 fchwere

126 453 350 502 feuchenam.
370 450 506 496 Sronica
516 448 589 495 alıd
600 448 692 485 Fund
703 446 756 493 ich
772 448 853 491 ech
862 451 930 486 des

129 504 263 549 buches
283 501 373 550 (kam
381 509 454 538 ann
465 506 582 547 gottes
594 495 859 546 bylffveamach
868 498 925 542 ich

125 555 235 600 nicht.
245 555 307 590 das
321 552 448 596 wirdin
458 549 551 590 buch
563 546 780 595 velbungen.

127 604 162 651 €]
181 605 240 652 n
251 609 370 651 gottes
381 600 485 637 name
495 598 572 644 ichs
586 601 639 633 den
655 595 733 633 laute
744 597 850 633 Funde
863 595 925 645 fr

124 661 231 702 grotes
241 663 288 688 ere
299 651 335 697 (0
348 649 414 695 heb
425 648 503 693 ichs
513 648 563 682 die
574 644 668 682 lieder
685 654 739 681 an.
751 654 813 680 wer
823 645 924 689 fientz

126 702 212 750 Hodre
220 704 284 737 mit
292 698 462 745 innigFeyt
471 696 558 732 tab
569 700 650 732 qder
674 703 757 732 man,
770 697 825 731 den
837 703 925 743 Mag

123 750 264 801 DefjelbE
284 759 384 797 tages
403 742 513 801 nımier
525 745 588 790 Icyd
607 742 722 790 beftan
735 764 745 777 .
763 744 874 789 Habes
884 754 925 788 su

128 810 194 851 got
204 805 282 839 dem
295 800 387 844 herre
396 794 524 845 pflicht
535 795 610 831 vnd
620 793 710 830 leben
722 802 786 829 ane
798 791 916 840 funde.

129 853 166 901 &]
177 851 240 888 Die
252 852 345 887 dein&
355 847 419 895 Gt
429 850 478 884 die
495 846 545 882 bit
556 846 612 890 ıch
624 847 670 881 diz
681 843 729 882 vil
740 851 843 888 sarter
859 851 924 892 Kot

125 900 269 946 werleich
280 899 346 937 mir
357 899 433 943 herr
444 897 494 934 ein
506 895 621 944 Elugen
634 894 694 943 (Yn
705 900 780 933 vnd
793 894 924 940 weyfen

128 948 452 996 Kat.dasichdich
464 945 552 996 müd
563 945 702 995 geloben
713 953 776 993 got
787 944 858 988 frue
870 941 923 979 vis

127 1002 230 1051 (past.
243 999 296 1039 wir
307 1002 376 1037 das
389 998 447 1044 Ich
456 999 547 1043 auch
557 998 633 1035 dein
643 995 755 1037 antlis
768 994 925 1039 her.mit

126 1052 264 1102 freunden
275 1049 363 1097 müg
373 1047 601 1095 anfchawen.

125 1101 208 1148 [©
220 1102 296 1147 herr
305 1101 380 1138 dein
392 1097 457 1146 tie
468 1095 611 1144 erzeigseft
621 1100 696 1130 UNS
707 1097 773 1137 BAY
782 1088 925 1136 MANS

123 1151 194 1202 falt
204 1176 215 1188 .
226 1148 379 1189 darızmb
391 1147 447 1193 (ll
463 1150 521 1184 wir
532 1146 611 1189 dich
619 1141 719 1179 loben
726 1138 827 1186 beyde
838 1143 924 1188 tung

109 1206 202 1240 ‚nd
211 1200 274 1239 alt.
286 1200 350 1237 das
361 1204 409 1236 dir
417 1207 492 1235 uns
503 1197 580 1242 herr
590 1187 676 1239 auff
678 1191 774 1229 erden
786 1193 840 1234 hie
851 1189 923 1236 lieft

125 1254 213 1303 deyn
222 1249 343 1302 geffalt
359 1272 363 1288 .
374 1248 477 1289 unnd
490 1247 540 1287 die
551 1242 665 1292 beleyb
675 1242 711 1284 in
720 1239 848 1293 groffet
858 1250 920 1279 cre.
