1116 1835
102 214 399 293 LEONIS
430 234 875 301 BAPTTST
786 214 874 301 AE

128 327 196 356 DE
229 325 496 358 ALBERT
441 325 511 362 IS,
526 327 619 357 LIEB.
655 331 851 366 PRIMyS

319 380 387 409 RV
399 376 652 413 DIMENT
607 376 652 413 A.

154 443 527 489 pT
577 452 605 480 RA
662 444 721 483 his
731 444 874 493 breuiſ-

371 491 474 540 limis
485 499 774 546 commentarijs
793 514 874 542 con

374 545 562 597 ſecripturi,
584 551 640 603 quò
660 555 803 594 clarior
815 570 872 595 no

365 598 448 649 tra
463 598 507 639 ſit
519 607 669 648 oratio,
691 607 699 646 à
711 609 875 649 Mathe-

118 669 123 672 8
315 650 524 694 maticis
533 670 576 696 ea
600 650 760 716 primum,
792 675 873 716 quæ

100 700 152 738 ad
162 714 245 741 rem
256 708 449 757 pertinere
460 711 700 752 uidebuntur
709 720 787 754 acci
791 721 873 768 pie-

91 767 206 804 mus.
219 758 381 810 Quibus
400 763 518 814 quidè
537 758 726 822 cognitis,
747 770 872 822 quoad

97 809 307 860 ingenium
318 811 597 868 ſuppeditabit,
610 821 805 872 picturam
817 825 871 864 ab

98 862 193 911 ipſis
215 872 365 906 naturæ
385 872 586 924 principijs
604 888 869 928 exponemus.

99 912 177 953 Sed
188 919 230 954 in
242 925 355 959 omni
366 922 497 964 noſtra
508 931 690 967 oratione
705 924 870 988 ſpectari

98 968 200 1008 illud
208 973 454 1016 uehementer
464 991 570 1030 peto,
584 983 640 1020 nõ
650 995 712 1021 me
722 982 768 1042 ut
788 982 833 1042 Ma
853 999 869 1025 /

101 1023 353 1066 thematicum,
386 1029 447 1069 ſed
459 1033 581 1073 ueluti
598 1037 752 1087 pictorẽ
767 1039 870 1079 hiſce

100 1077 150 1123 de
159 1078 270 1118 rebus
282 1077 400 1137 loqui.
416 1083 469 1123 Illi
479 1091 585 1127 enim
595 1088 679 1129 ſolo
687 1089 869 1143 ingenio,

99 1135 213 1169 omni
215 1131 393 1195 ſeiuncta
413 1135 575 1185 materia,
587 1142 720 1195 ſpecies
743 1147 761 1195 &
783 1146 867 1188 for-

99 1196 183 1224 mas
194 1192 283 1226 rerũ
295 1195 523 1235 metiuntur.
540 1195 630 1236 Nos
642 1199 745 1243 uerò,
767 1200 866 1253 quod

101 1236 168 1276 ſub
181 1239 334 1291 aſpectu
348 1258 431 1286 rem
443 1245 515 1287 eſſe
525 1249 650 1300 poſitã
660 1254 864 1304 uolumus,

97 1294 307 1344 Pinguiore
318 1300 466 1341 idcirco,
496 1314 540 1342 ut
551 1307 682 1355 aiunt,
704 1309 866 1349 Miner-

98 1347 139 1416 ua
129 1347 358 1394 ſcribendo
369 1367 542 1405 utemur.
555 1357 620 1397 Ac
628 1361 733 1400 recte
741 1361 867 1416 quidẽ

99 1395 171 1436 eſſe
190 1402 389 1447 nobiſcum
408 1409 541 1450 actum
563 1412 800 1455 arbitramur
810 1413 864 1465 i

88 1460 263 1506 quoquo
276 1461 393 1510 pacto
404 1467 447 1503 in
457 1465 529 1504 hac
541 1461 657 1518 planè
666 1463 818 1509 difficili
827 1481 866 1511 et

99 1516 117 1547 à
131 1512 295 1565 nemine,
305 1517 417 1569 quod
427 1519 535 1560 uider
546 1512 601 1570 im,
629 1522 710 1563 alio
721 1525 865 1565 tradita

539 1586 565 1617 a2
626 1591 644 1612 2
738 1578 867 1619 literis
