1118 1837
82 464 224 501 Punctum.

98 573 222 617 Signum.

131 1001 228 1040 Linea.

594 97 617 121 *

224 186 253 229 4
401 181 486 217 DE
539 173 872 214 PICTVRA

248 243 373 284 liter
345 229 383 285 is
384 241 568 285 materia,
580 247 656 273 nos
669 233 840 285 legentes
879 229 1031 270 pictor
990 229 1031 285 es

248 294 527 337 intellexerint.
540 288 640 329 Peto
656 289 779 342 igitur
791 298 923 327 noſtra
940 294 1033 322 non

249 361 296 390 ut
312 357 418 401 puro
437 347 458 386 à
491 344 615 387 Mathe
627 335 776 401 matico,
799 338 861 379 ſed
874 353 918 379 ue
923 335 1034 376 luti
1015 335 1034 401 a

250 403 407 458 pictore
422 404 533 440 tantũ
546 397 687 449 ſcripta
703 399 1031 446 interpretentux.

252 457 351 513 Itaq;
363 456 565 508 principio
581 463 643 489 nou
655 443 727 513 iſſe
734 456 907 500 oportet,
916 439 1031 501 Pun-

252 511 363 551 ctum
376 506 449 548 eſſe
457 506 630 559 ſignum,
640 514 686 542 ut
695 507 746 541 ita
770 504 911 553 loquar,
932 495 1034 550 quod

252 556 420 616 minimè
429 565 472 600 in
482 570 613 613 partes
624 564 742 609 queat
750 554 887 593 diuidi.
898 551 1034 604 Signñ

253 620 328 658 hoc
338 617 430 656 loco
442 613 623 667 appello,
665 608 827 661 quicquid
836 611 879 646 in
888 599 1036 658 ſuperfi

253 676 311 711 cie
328 674 384 710 ita
398 667 555 711 inſit,
522 659 562 718 ut
569 667 685 718 poſſit
705 660 824 702 oculo
838 659 1033 710 conſpici:

254 737 346 779 quæ
357 721 453 764 uerò
464 723 655 771 intuitum
666 728 752 755 non
763 715 977 767 recipiunt,
992 723 1037 748 ea

255 791 378 819 nemo
396 777 446 816 ad
458 769 616 828 pictorẽ
633 769 732 810 nihil
749 773 950 822 pertinere
966 777 1034 803 ne-

256 844 336 885 gat.
356 831 464 871 Nam
479 842 523 867 ea
532 827 641 866 ſolum
669 819 814 885 imitari
824 820 953 862 ſtudet
970 819 1036 871 pi-

256 886 361 934 ctor,
371 896 461 937 quæ
470 881 536 921 ſub
545 881 630 919 luce
638 866 862 928 uideantur.
887 866 1038 928 Puncta

258 939 434 993 quidem,
445 935 472 975 ſi
481 933 728 975 continenter
736 933 780 968 in
792 928 934 967 ordine
944 928 1034 965 iun.

260 1005 422 1048 gantur,
434 986 776 1041 lineãextendent,
789 978 916 1038 Eritq́;
928 976 1040 1031 apud

258 1041 314 1114 nos
345 1045 448 1110 linea
460 1042 614 1106 ſignum
649 1051 759 1101 cuius
769 1030 939 1102 longitu
931 1025 973 1087 do
1000 1029 1038 1069 ſa

258 1115 307 1155 nè
316 1112 358 1139 in
368 1109 496 1152 partes
509 1094 632 1134 diuidi
645 1087 858 1145 poſſit.
792 1083 850 1155 Sed
868 1099 945 1127 erit
954 1078 1005 1143 uſe

259 1143 345 1195 ade
375 1143 591 1195 latitudine
616 1143 864 1192 tenuiſsima,
881 1152 930 1181 ut
946 1143 1039 1179 nuſ-

260 1207 380 1260 quam
392 1203 491 1245 findi
503 1212 646 1256 quæat.
661 1201 880 1240 Linearum
882 1195 962 1260 alia
979 1195 1044 1260 re-

260 1263 344 1314 ctaꝛ
346 1261 420 1312 alia
434 1258 546 1308 flexa.
561 1254 691 1295 Recta
700 1254 804 1292 linea
816 1249 868 1291 eſt
877 1248 1039 1302 ſignum

260 1315 281 1356 à
292 1313 446 1368 puncto
459 1312 509 1351 ad
516 1309 713 1363 punctum
730 1304 879 1346 directe
893 1307 938 1342 in
948 1302 1024 1341 lon

261 1382 360 1422 gum
371 1364 615 1420 protenſum.
628 1363 752 1404 Elexa
762 1358 814 1398 eſt
822 1370 912 1411 quæ
923 1355 944 1396 a
953 1364 1041 1408 pun

262 1423 330 1463 cio
342 1422 389 1461 ad
403 1418 599 1474 punctum
610 1429 696 1455 non
709 1413 819 1453 recto
830 1407 1041 1465 greſſu,
983 1407 1041 1474 ſed

260 1475 370 1518 facto
378 1473 463 1514 ſinu
472 1459 646 1520 fluxerit.
663 1459 774 1520 Lineę
788 1466 924 1519 plures
932 1459 1043 1517 quaſi

262 1528 329 1572 fila
339 1532 384 1571 in
393 1524 517 1576 tela,
493 1516 523 1576 ſi
524 1523 663 1568 adacta
689 1516 908 1576 cohæreant,
925 1516 1043 1576 ſuper-

901 1568 1033 1613 ficiem
