1124 1833
414 39 498 50 ee

424 55 428 64 N
487 57 489 59 8

318 122 441 155 LIB
464 83 546 154 KR
599 125 625 156 I.
867 130 886 160 .

97 172 231 220 ficiem
248 175 416 218 ducent
403 172 429 235 ·
436 174 505 215 Eſt
524 188 647 235 nanq;
666 172 884 229 ſuperficies

99 243 281 271 extrema
291 233 477 283 corporis
491 244 590 283 pars,
608 244 675 284 quæ
695 243 782 270 non
790 243 882 283 pro-
903 231 1032 282 Superſi-

100 283 301 331 funditate
316 284 471 337 aliqua,
491 283 554 323 ſed
570 284 778 323 latitudine
798 296 881 324 tan
901 288 966 322 cies.

101 348 193 378 tum
205 336 524 395 longitudineq́;,
533 350 612 395 atq;
629 338 793 390 perinde
807 337 882 378 ſuis

101 392 364 445 qualitatibus
381 390 667 446 cognoſcatur.
691 391 876 443 Qualita
875 390 881 446 -
907 390 951 446 Qu
963 393 1046 439 ĩitas.

102 457 194 486 tum
209 445 296 485 aliæ
309 448 364 485 ita
379 443 592 497 ſuperficiei
610 445 826 494 inhærent,
838 458 883 485 ut

102 497 180 538 niſi
196 497 355 550 prorſus
372 497 533 537 alterata
553 495 751 550 ſuperficie
766 502 882 538 mini-

102 565 170 592 me
190 550 227 590 ſe
239 553 396 591 moueri,
427 562 497 590 aut
512 549 663 604 ſeiungi
678 564 839 605 queant.

178 603 293 644 Alias
312 602 408 643 uerò
426 605 633 657 qualitates
654 604 882 645 huiuſmodi

101 655 253 706 ſunt,
217 655 255 710 ut
260 658 396 698 eadem
406 656 501 697 facie
511 655 724 710 ſuperficiei
734 672 880 699 manen

102 722 155 760 te,
167 715 222 750 ita
230 711 299 752 ſub
308 711 464 764 aſpectu
475 723 608 750 tamen
619 715 829 761 iaceaut,B
790 711 827 764 ut
839 711 881 763 ſu

102 762 278 817 perficies
290 765 502 809 uiſentibus
508 766 673 806 alterata
683 764 755 804 eſſe
766 765 880 817 uidea

102 830 191 861 tur.
215 817 419 862 Perꝑetuæ
436 829 567 858 autem
587 816 878 872 ſuperficierum

101 872 306 924 qualitates
315 885 488 928 gemini
497 871 596 912 ſunt.
609 872 706 913 Vna
713 874 878 926 quidem

101 938 194 978 quæ
208 926 271 981 per
281 926 511 981 extremum
530 927 646 978 illum
663 929 875 978 ambitum,

101 992 188 1032 quo
213 978 430 1033 ſuperficies
452 981 672 1029 clauditur,
685 980 877 1032 noteſcat,

102 1045 224 1084 quem
233 1033 395 1086 quidem
403 1035 601 1073 ambitum
615 1035 883 1087 nonnulli
816 1033 883 1087 ori

103 1098 269 1126 zontem
281 1099 528 1140 nuncupant.
541 1086 633 1128 Nos
646 1087 672 1127 ſi
683 1089 809 1140 liceat,
820 1088 874 1132 la-
895 1091 1027 1133 orixon.

103 1143 194 1179 tino
213 1141 408 1180 uocabulo
426 1139 683 1192 ſimilitudine
700 1143 874 1195 quadam
893 1151 966 1179 ora.

101 1194 343 1246 appellemus
363 1209 478 1243 ram:
528 1207 614 1243 aut,
634 1197 731 1243 dum
749 1199 804 1234 ita
820 1196 874 1234 li
894 1200 1023 1246 Finbria.

102 1245 204 1309 beat,
218 1245 416 1309 fimbriam.
433 1248 564 1309 Eritq́;
577 1249 620 1289 &
631 1248 726 1302 ipſa
720 1245 877 1291 fimbria

103 1312 174 1341 aut
191 1306 303 1342 unica
319 1303 446 1349 linea,
463 1315 532 1354 aut
553 1299 726 1357 pluribus
753 1299 876 1357 Iineis

105 1352 297 1405 perfinita.
317 1355 453 1398 Vnica,
483 1368 529 1398 ut
540 1358 740 1406 circulari,
751 1357 876 1409 pluri-

104 1407 179 1446 bus
194 1421 260 1450 aut
277 1409 397 1450 altera
408 1409 529 1460 flexa,
539 1411 662 1451 altera
673 1411 779 1450 recta,
788 1423 877 1452 aut

105 1463 222 1503 etiam
243 1475 332 1519 quæ
359 1465 548 1518 pluribus
575 1464 692 1517 rectis
716 1463 876 1518 flexisue

373 1521 377 1524 f
491 1517 880 1568 lines
