1169 1889
304 85 925 137 2 Das 1. Cap. der
178 162 1124 227 Daher find dioten offenbahret hat. Auff welches erfol⸗
176 208 1124 296 ; st / das dienninn lcer / / cd t deu,
177 270 1124 336 waahen. ſche Sprach / als eine Barbariſche vnd vie-
314 323 1124 390 hiſche verachtet / bey der erbarn Welt zu⸗
357 382 1124 451 ſchanden worden / vber hre eygene Thorheit
355 438 1124 506 zeugen / vnd auff jhre laͤſterliche Vnſinig⸗
354 488 1124 558 keit zeigen muͤſſen. Dann ob zwar die
355 544 1124 614 Teutſchen jhre Sprach nicht aus den
356 600 1124 675 Buͤchern ſuchen / ſondern aus der einge⸗
353 654 1124 723 pflantzten Natur nehmen: Nicht von
352 710 1124 780 dem Meiſter ſtudiren / ſondern von den
353 766 1124 843 Ammen lernen: nicht in den Sehulen
351 824 1124 897 aus dem Munde der Lehren faſſen / ſon⸗
349 881 1124 951 dern in der Wiegen aus den Bruͤſten
349 934 1124 1013 der Mutler ſaugen / nach dem dapffern
349 991 1124 1066 Exempel der Wolgebornen Gracchen
347 1049 1124 1120 zu Rom: Jſt ſie doch darumb nicht znver⸗
345 1104 1124 1173 ſchmehen / aber zubeklagen / daß Leute ſeyn /
343 1157 1124 1232 welche / wenn ſie die Heroiſche Rede nicht
342 1211 1124 1280 bringen koͤnnen aus den vngeſchickten Ra⸗
342 1264 1124 1343 chen / dieſelbtge verfolgen mit dem graw⸗
296 1318 709 1382 ſamen Haͤnden.
155 1373 1124 1449 hadet Wir finden in den Hiſtorien / wie heß.
152 1415 1124 1494 nct / daßſie ſich vnd baͤuriſch die Latemiſch Sprach im
150 1452 1124 1549 Anſansuwſen / ſo sla vno birſ / as
150 1530 1124 1595 n. zur
