1169 1889
345 120 942 176 1o Das 1o. Cap. der
341 203 1109 266 Serl deß Cyprianen. Die Seel iſt nur
341 258 1109 327 ein Stuck deß Cyprlanen / vnd wird allhter
341 317 1109 381 vor den gantzen Menſchen / der Cyprianus
340 370 1109 436 heiſſet / genommen. Jeem: Lueius kan nicht
341 423 709 490 zwiſchen ſeinen vier
978 423 1109 483 ſitzen:
341 476 1109 545 Seyn die vier Pfaͤle nur ein Stuͤck deß
342 533 1109 603 Hauſes / vnd wird allhler / das gantze Hauß
340 592 607 651 verſtanden.
340 645 1109 711 Ehe ich vergeſſe dein / ſol die Natur verſin⸗
489 697 678 747 cken
343 738 1109 806 Vor ſeiner Bronnenfluß / der freche Pariher
484 789 736 840 trincken
356 830 1109 897 Aus der fiſchreichen Aar / die in der Gal⸗
488 882 765 933 ien Land
331 924 1109 988 Verfuͤhret ſhren Strom / durch den roht⸗
484 975 819 1032 gelbenSand.
331 1016 1109 1081 Ehe ich vergeſſe dein / muß die Natur ſich
484 1070 718 1121 endern /
331 1110 1109 1175 Sie muß verſetzen ſich aus den grundfeſten
478 1160 750 1213 Laͤndern /
331 1203 1109 1268 Damit der teuſche Cerl die Cieger ſchlucke
472 1257 632 1303 ein
331 1295 1109 1361 So jetzt bey Babylon den Phrat begruͤſ⸗
467 1346 720 1397 ſet fein.
349 1402 1109 1470 Allhier wird genennet die gantze Aar /
331 1460 1108 1530 vnd verſtehet der Poet nur einen Theil der-
331 1519 1108 1589 ſelbigen / ſintemahl dieſes Waſſer durchaus
