1457 2083
115 384 443 442 Berliniſche
482 383 919 442 Monatsſchrift.

410 493 616 539 1784

253 576 419 625 Zwölfces
430 575 537 617 Suk,
588 574 780 618 December.

501 755 528 779 Le

233 799 540 842 Beantwortung
569 801 632 833 der
654 795 799 844 Frage:
819 781 826 791 |

177 894 318 943 Was
363 896 420 948 iſ
465 894 862 948 Aufklärung?

279 985 339 1022 (S.
354 984 491 1017 Decemb.
505 991 589 1021 1783.
609 983 654 1015 S.
666 983 752 1022 £16.)

110 1070 161 1099 Y

109 1083 394 1124 —-ufklärung
413 1085 453 1121 iſt
473 1088 528 1116 der
551 1085 714 1121 Ausgang
740 1085 796 1115 des
817 1085 919 1116 UTets

114 1132 206 1170 {chen
219 1140 282 1162 aus
298 1132 394 1168 ſeiner
415 1133 504 1170 ſebſt
519 1134 757 1170 verſchuldeten
775 1130 924 1164 Unmüns

112 1182 241 1220 digkeit.
286 1179 543 1219 Unmündigkeit
573 1184 605 1218 1fi
635 1185 685 1212 das
715 1180 922 1218 Unvermögen,

115 1227 165 1264 fich
181 1227 268 1261 ſeines
281 1227 452 1263 Verſtandes
472 1230 543 1262 ohne
563 1227 676 1265 Leitung
704 1227 780 1256 eines
797 1228 922 1257 anderen

111 1280 148 1309 Ju
162 1274 300 1304 bedienen.
339 1274 650 1312 Selbſtverſchuldet
662 1275 697 1311 iſi
708 1273 778 1309 dieſe
791 1273 923 1309 Unmün-

115 1320 228 1356 digkeit,
248 1328 334 1350 wenn
352 1322 393 1350 die
407 1320 521 1355 Urſache
534 1320 669 1355 derſelben
684 1320 758 1353 niht
771 1327 818 1351 am
830 1319 925 1351 Mans

109 1367 155 1404 gel
170 1370 219 1397 des
233 1367 418 1403 Verſtandes,
438 1367 552 1400 ſondern
578 1370 625 1398 der
638 1366 857 1404 Entſc{ließung
866 1366 923 1395 und

110 1415 164 1444 des
183 1413 310 1450 Muthes
332 1413 408 1449 kregt,
435 1413 484 1450 ſi<
509 1415 594 1450 ſeiner
619 1412 690 1448 ohne
713 1411 827 1450 Lettnng
847 1412 923 1442 eines

113 1455 223 1483 andern
250 1461 280 1488 zu
302 1454 444 1484 bedienen.
481 1455 577 1489 Sapere
594 1454 679 1483 aude!
719 1454 803 1491 Habe
827 1443 924 1490 Muth

112 1504 172 1539 dich
188 1503 281 1532 deines
296 1502 422 1539 eigenen
442 1497 483 1543 Ve:
501 1500 605 1543 ſtandes
623 1509 655 1538 zu
669 1492 816 1534 bedienen
804 1492 818 1542 !
834 1501 870 1538 iſt
885 1500 926 1532 als

111 1553 141 1591 fo
155 1557 203 1585 der
217 1553 395 1591 Wahlipruch
407 1557 455 1584 der
469 1554 656 1591 Aufflärung.

172 1606 304 1642 Faulheit
318 1610 373 1636 und
382 1605 507 1643 Feigheit
519 1608 577 1644 find
595 1607 637 1637 die
645 1604 791 1642 Urſachen,
810 1610 922 1635 warum

110 1654 159 1685 ein
172 1654 199 1688 ſo
218 1655 315 1691 großer
331 1654 411 1690 Theil
427 1658 474 1684 der
486 1654 656 1690 Menſchen,
676 1653 806 1688 nachdem
827 1654 863 1689 ſie
880 1652 926 1683 die

114 1698 219 1732 Matur
235 1699 324 1735 lángſt
344 1707 399 1729 von
422 1699 540 1734 fremder
554 1700 668 1736 Leitung
686 1698 739 1735 frei
765 1697 923 1736 geſprochen

147 1750 189 1780 D.
189 1748 397 1785 Monatsſchr.
411 1750 504 1781 IV.
470 1742 500 1786 2,
517 1753 543 1781 6,
555 1751 610 1781 St,
692 1748 752 1788 Hh
861 1750 924 1781 (na-
