1732 2383
155 252 383 304 Man
395 251 511 306 ſaget
522 253 635 305 auch
643 252 668 303 /
680 252 765 296 das
776 247 825 302 ſie
837 257 930 303 zum
942 246 1101 302 zeichen
1120 249 1191 293 ein

173 309 344 365 jglicher
364 312 474 355 oben
488 320 544 352 an
560 308 690 360 ſeinen
706 306 836 360 hoſen
854 309 971 350 einen
994 303 1189 359 Strahel

171 369 232 422 ſol
244 367 387 422 haben
397 374 420 420 /
433 365 566 418 dabey
580 363 629 414 ſie
642 366 837 408 einander
847 362 1065 406 erkennen.

170 475 229 518 26
284 472 423 521 Mehr
436 472 542 514 wird
554 471 795 524 angezeigt
778 456 802 524 /
808 471 894 513 das
904 469 1010 511 einer
1023 440 1190 514 Huner

172 535 259 574 von
272 527 524 573 Widebock
543 529 732 577 genandt
747 531 772 576 /
785 525 898 575 habe
919 522 1022 574 dieſe
1043 520 1193 570 Geſel⸗

171 582 324 637 ſchafft
340 584 417 637 bey
429 585 653 633 einander
639 577 657 637 /
664 592 751 626 von
766 583 898 623 denen
912 577 1040 630 ſollen
1050 582 1213 632 zween

172 636 390 684 einkomen
403 643 424 693 /
442 639 529 682 vnd
538 639 697 691 gericht
706 633 882 682 worden
895 634 992 689 ſein.

523 807 682 858 Dieſes
693 808 874 860 Jeichen
885 807 932 859 iſt
966 802 1007 860 zu
1003 802 1196 855 Magde⸗

463 859 575 914 burg
592 873 650 921 an
684 865 780 906 dem
813 864 930 903 einen
964 856 1193 910 thorfluͤgel

464 918 680 969 gefunden
692 921 866 961 worden
878 920 902 968 /
921 918 1007 958 das
1020 912 1099 965 hat
1121 912 1196 953 be⸗

466 978 565 1016 deut
577 976 604 1024 /
628 975 716 1018 das
735 976 805 1016 der
825 974 910 1017 eine
922 972 1101 1025 hinweg
1118 975 1197 1017 ge⸗

406 1366 439 1399 „
533 1346 753 1399 Darnach
773 1345 822 1400 iſt
841 1353 897 1389 an
920 1344 1017 1387 dem
1027 1339 1201 1386 andern

472 1399 701 1457 thorflugel
720 1403 848 1453 dieſes
868 1399 1051 1452 Zeichen
1063 1395 1203 1448 gefun

408 1465 425 1481 V
471 1463 553 1502 den
566 1460 766 1506 worden
745 1453 762 1507 /
779 1458 850 1500 als
861 1466 909 1507 zu
925 1453 1209 1507 vnterrichten

473 1516 544 1557 der
554 1515 682 1559 ander
700 1511 746 1566 iſt
759 1512 927 1557 komen.

257 1734 367 1782 Des
379 1731 632 1789 Hertzogen
653 1746 740 1782 von
752 1732 1053 1783 Wirtenbergs
1069 1726 1208 1776 Stete

181 1795 270 1838 vnd
287 1791 462 1846 flecken
447 1788 465 1852 /
483 1788 565 1852 ſind
597 1788 669 1852 zum
670 1790 845 1852 mehrer
867 1792 934 1838 teil
945 1788 1210 1840 ausgebrent

180 1848 279 1907 Gott
308 1848 475 1907 erbarme
498 1855 568 1906 es.

943 1932 1209 2004 Ambtoſins

1631 451 1645 475 8

1618 548 1651 593 6

1617 591 1643 620 18

1617 633 1620 644 1
1632 648 1634 650 5

1617 653 1644 699 1

1629 736 1644 770 9

1615 1022 1617 1032 1
