1732 2383
1630 194 1650 281 —
1629 137 1640 187 —

234 337 252 389 1
317 329 477 379 Bartel
492 324 641 373 Nickel
653 325 716 369 ein
730 320 869 374 alter
856 320 877 389 /
879 322 1008 369 dicker
1018 322 1139 375 Man
1149 324 1258 381 /haͤt

368 391 485 430 einen
499 383 664 438 weiſſen
679 383 834 433 langen
855 378 968 425 bart.

237 506 265 539 2
315 493 472 548 Item/
483 488 630 539 Hans
642 486 942 542 Teichknecht.

237 617 261 656 3
310 599 476 650 Mertin
489 607 574 641 von
592 594 788 648 Ceyptzig
800 597 827 647 /
849 598 924 640 der
932 595 1010 648 hat
1020 597 1084 641 ein
1098 594 1258 647 Weib/

368 654 515 703 macht
526 656 640 697 einen
654 650 817 704 groſſen
831 651 973 707 bauch
984 657 1014 707 /
1029 656 1115 697 vnd
1126 652 1257 707 ſtehet

362 718 439 755 vor
452 712 522 753 der
535 706 739 758 Kirchen.

235 831 270 875 4
331 815 489 870 Item
470 812 498 881 /
501 814 637 865 Pauel
659 812 904 881 Mertens.

325 919 488 971 Moritz
509 915 699 967 Schone
722 919 786 961 ein
807 918 954 969 langer
977 895 1097 964 Man
1113 916 1149 970 /
1173 918 1258 971 hat

351 979 468 1018 einen
481 974 636 1021 langen
655 974 748 1015 bart
762 978 785 1018 /
800 974 856 1014 vñ
867 978 984 1014 einen
999 973 1257 1024 ſchwartzen

338 1026 787 1081 Wappenrock
674 1023 691 1082 /
713 1023 771 1082 vnd
801 1027 889 1079 gele
902 1023 1100 1082 ſtruͤmpff
1120 1028 1260 1082 hoſen

362 1093 437 1129 an.

233 1144 263 1183 é&
332 1140 482 1185 Adam
495 1146 579 1179 von
594 1133 815 1189 Forcheim
829 1136 858 1185 /
870 1133 948 1186 hat
959 1138 1075 1179 einen
1091 1137 1259 1193 Baur⸗

364 1191 459 1236 rock
470 1203 527 1236 an
540 1196 565 1242 /
582 1194 659 1233 mit
671 1191 886 1247 geſtickten
909 1192 1054 1247 valten.

234 1314 262 1346 7
314 1299 444 1355 Item
455 1300 482 1350 /
495 1297 616 1353 Peter
630 1294 776 1348 Koch.

239 1370 273 1447 8
287 1404 477 1455 Greger
493 1400 724 1453 Schreiber
736 1402 783 1454 iſt
797 1403 887 1445 wol
906 1404 1045 1453 gelert.

236 1526 263 1566 9
313 1509 478 1559 Mertin
501 1499 765 1559 Kauffman.

238 1630 277 1658 1o
342 1614 490 1667 Hans
511 1608 906 1662 Mummenſchuͤrer
918 1614 946 1662 /
958 1613 1004 1665 iſt
1016 1616 1077 1656 ein
1087 1613 1256 1658 nidder⸗

356 1671 529 1721 ſtemig
552 1667 709 1716 Man/
730 1667 836 1713 Vnd
848 1667 921 1721 hat
941 1667 1014 1721 ein
1015 1671 1142 1716 Weib
1155 1682 1176 1718 /
1191 1675 1257 1715 die

374 1726 455 1775 hat
467 1727 582 1767 einen
604 1723 815 1774 geflickten
831 1728 1019 1778 mantel/
1040 1727 1123 1769 vnd
1136 1730 1255 1770 einen

379 1779 633 1833 ſchwartzen
648 1779 727 1832 hut
740 1777 857 1834 auff.

1615 892 1628 912 1

1615 954 1641 974 —

1623 1012 1625 1021 .

320 1885 543 1938 Hartwig
556 1895 643 1929 von
655 1883 897 1939 Kitzingen.

235 2004 277 2053 z
340 1989 490 2057 Adam
495 1989 627 2058 Pelck
649 1989 800 2058 bader.

892 2049 938 2101 A
962 2052 1012 2105 üi
1129 2047 1256 2105 Peter
