1214 1916
96 144 1012 270 1

123 369 441 465 e
465 344 571 467 Die
584 348 816 459 Erſſe
851 347 936 411 9

92 432 988 567 Abpandelung.

153 579 285 667 Der
306 576 673 660 Schauplatz
688 572 859 660 ſtellet
872 573 1084 652 vor

181 670 395 727 des
404 664 601 731 Kaͤyſers
616 664 1011 732 Gemach.

134 981 308 1014 Verwelck't
318 981 366 1020 fuͤr
374 980 486 1018 unſerm
495 977 616 1016 Ruhm:
626 974 797 1020 Cyaxarens
806 972 997 1015 Geluͤcke

128 1023 217 1061 Muß
227 1022 275 1062 fuͤr
285 1028 334 1054 des
344 1021 470 1062 Kaͤyſers
490 1019 555 1059 Sieg
573 1023 619 1051 den
621 1017 796 1060 Krebsgang
804 1018 878 1057 gehn
885 1015 1022 1058 zuruͤcke
1004 1015 1022 1062 /

66 1073 92 1104 5.
140 1064 209 1097 Und
216 1059 321 1104 Nerons
344 1059 443 1104 Blitzen
470 1061 565 1102 ſaͤug't
573 1063 619 1092 der
628 1059 756 1096 Grichen
781 1059 899 1098 Lorbern
923 1061 1097 1081 weg.

95 1105 219 1148 Rom
231 1104 331 1144 ſchaͤtz
323 1098 333 1148 t
342 1098 391 1148 ſich
400 1098 476 1148 ſelbſt
492 1106 516 1143 zu
528 1101 585 1140 tief
593 1099 647 1142 fuͤr
657 1101 756 1141 unſrer
764 1099 876 1140 Thaten
885 1098 999 1138 Zweck

136 1147 203 1180 Die
211 1145 288 1182 Erde
298 1146 348 1186 ſich
354 1155 386 1187 zu
397 1146 467 1182 klein
476 1153 541 1185 zum
549 1141 726 1182 Schauplatz
736 1139 790 1179 unſ
792 1143 847 1173 rer
855 1140 1050 1174 Wercfñfe.

137 1189 208 1222 Des
219 1189 322 1220 Numa
332 1187 511 1227 Heyligkeit
502 1181 516 1227 /
516 1190 566 1219 des
575 1183 663 1216 Roͤm
668 1184 740 1224 ſchen
747 1182 864 1223 Vaters
873 1181 1023 1220 Staͤrcke
1039 1183 1050 1215 /

138 1230 206 1264 Der
214 1229 310 1270 Muth
319 1234 369 1262 des
379 1229 508 1267 Julius
496 1225 514 1270 /
515 1226 657 1259 Tiberius
665 1225 810 1268 Verſta
868 1228 1008 1255 nd

45 1283 117 1311 10.
140 1272 236 1305 Sind
244 1271 391 1310 Schatten
405 1270 518 1350 .
528 1268 636 1307 Thuns
653 1270 712 1300 und
732 1264 913 1308 Spielwerck
925 1264 1062 1308 dieſer

84 1317 103 1336 5
177 1339 179 1341 0
281 1327 284 1331 0
384 1330 385 1333 a
462 1313 633 1343 Hand.
727 1325 733 1328 f
894 1321 916 1336 .
1013 1313 1016 1317 5

143 1355 310 1397 Saturnus
320 1352 431 1396 guͤld
395 1349 429 1397 ne
439 1350 638 1393 Zeit
512 1349 550 1397 iſt
563 1350 638 1393 gegen
649 1349 733 1390 dieſer
747 1349 1013 1392 eyſerrn.

98 1397 104 1418 Sieg
226 1396 242 1437 /
256 1396 345 1436 Friede
359 1402 366 1433 /
370 1395 523 1437 Wolſtand
534 1394 585 1431 hat
592 1394 646 1433 bey
652 1392 724 1424 allen
743 1392 837 1423 andern
856 1386 982 1437 Kaͤyſern

104 1440 274 1472 Nie
202 1430 217 1478 /
230 1440 273 1472 wie
281 1437 332 1476 bey
341 1442 400 1470 uns
409 1434 546 1478 gebluͤh
529 1430 558 1478 t.
561 1435 691 1473 Araxens
697 1430 797 1478 groͤſte
823 1449 1006 1468 Stadt

129 1481 211 1523 Hat
219 1480 301 1517 unſer
309 1476 381 1516 Arm
390 1476 551 1519 geſchleiff
559 1484 561 1486 t.
568 1475 633 1508 Der
640 1475 791 1512 Tiridates
803 1475 891 1510 hat
993 1472 1021 1505 5

74 1532 117 1562 Ir.
137 1521 369 1565 Durch
253 1510 307 1565 Fuß
316 1510 370 1565 fall
379 1520 430 1559 erſt
438 1526 496 1562 von
506 1523 566 1554 uns
577 1510 710 1565 erkauffet
731 1515 805 1552 Gnad
823 1517 882 1549 und
890 1510 1011 1555 Guͤte;

73 1565 213 1605 Und
222 1562 387 1605 Vologeſus
395 1560 481 1603 ſchick
490 1566 496 1594 t
503 1565 560 1594 aus
573 1558 693 1598 Arſaces
704 1549 834 1591 Gebluͤte
946 1564 1025 1593 5

137 1598 196 1649 Uns
221 1598 330 1649 Geißel
344 1598 437 1649 ſeiner
452 1598 529 1649 Treu.
537 1601 607 1639 Des
616 1600 726 1639 Janus
733 1598 814 1636 Thor
821 1598 902 1636 ſteh
906 1603 970 1639 kzn⸗
1066 1606 1068 1609 i

147 1635 200 1690 Der
221 1635 321 1690 Kaͤyſer
333 1647 394 1688 ſih't
402 1643 611 1690 denppreiß
551 1635 566 1690 /
575 1635 620 1690 die
620 1641 795 1679 Stadt
728 1635 743 1690 /
757 1635 802 1690 den
803 1639 878 1678 Nutz
888 1643 934 1673 der
941 1635 1029 1677 Ruß.

84 1680 111 1714 Dis
289 1696 307 1726 Schoß
325 1692 388 1733 des
425 1684 574 1727 Jupiters
552 1680 588 1733 lig
605 1686 618 1727 t
634 1680 713 1733 voller
727 1684 1001 1719 dorber⸗Sweige
1025 1692 1066 1724 .

312 732 521 794 „ee
593 731 848 792 Ohg,

133 811 236 859 Nero
284 816 342 851 Sc
381 838 383 840 O
386 810 496 855 iſts!
534 812 597 847 Die
611 802 704 859 Sonn
723 802 811 859 erſtar
825 811 841 841 t
850 806 898 849 fuͤr
911 802 1016 851 unſers

475 853 702 894 Hauptes
711 852 918 891 Glantz!

227 895 316 956 r
385 898 446 932 Die
456 896 540 929 Welt
549 894 603 935 fur
614 892 698 941 unſer
715 892 814 941 Macht.
843 892 897 927 Des
921 918 1050 922 Ninus

313 934 351 957 3
549 934 820 976 Sieges⸗Krantz
