1214 1916
43 129 53 145 18
295 128 318 140 1
372 132 401 142 50
553 114 614 145 103.
746 137 752 146 8
919 139 923 143 5

0 171 52 196 u
120 149 318 192 Derſelben
304 141 321 196 /
336 154 376 189 der
399 157 447 184 man
462 141 510 196 wol
517 148 575 181 kein
585 147 679 181 Blutt
688 152 751 187 zum
758 143 862 186 Ooffer
870 141 972 187 geben!

46 197 137 202 565.
161 193 223 225 Well
231 193 374 231 Niemand
383 194 427 228 ihr
438 190 559 225 Gebein
570 189 627 221 aus
637 174 774 231 koſtbarm
789 174 887 231 Waſſer
894 174 1018 225 waſch
989 174 1001 231 t
1011 174 1018 231 /

2 249 49 279 r.
143 236 209 266 Und
220 238 262 266 die
273 235 339 273 noch
349 232 558 275 glimmeGlutt
567 231 648 266 durch
655 230 729 261 keine
737 226 844 264 Thraͤn
853 224 1028 267 außlaͤſch't
1014 224 1028 279 /

2 293 27 321 rt
143 277 196 308 So
206 276 299 315 waſch
310 274 367 307 und
378 275 458 315 leſche
470 276 510 313 ſie
526 276 586 305 mein
601 272 764 311 ſpritzendes
782 267 1031 310 Geblütte;

144 318 190 352 Eh
200 317 247 349 als
256 322 300 352 der
315 307 425 359 Kaͤyſer
425 316 493 353 mich
515 318 557 347 mit
580 307 655 359 Blitz
653 316 714 344 und
725 311 781 347 Ach
790 307 1061 359 umbſchuͤtte.

0 371 49 413 f=
144 358 215 392 Viel
223 358 324 399 beſſer:
334 358 406 396 Daß
417 361 461 399 ein
472 356 565 392 Dolch
574 358 616 386 die
623 355 717 385 Adern
725 352 835 395 ſchneid
843 355 974 394 entzwey
1001 367 1003 369 /
1026 348 1031 356 .

79 410 143 442 570.
157 401 206 430 Und
220 403 294 436 mein
303 400 466 438 unſchuldig
475 397 570 441 Blutt
578 399 623 438 ein
632 397 728 426 reines
735 392 841 432 Opffer
847 393 958 430 ſen;

3 452 52 487 29
143 441 218 481 Als:
228 442 282 478 daß
292 446 324 472 es
335 441 439 481 auf
400 432 448 485 der
448 439 535 474 Rach
546 436 740 479 entweyhtem
748 432 1061 471 Schmach⸗Altare

143 482 207 515 Der
215 479 610 520 Mord⸗Verraͤther
510 473 598 520 Grimm
620 482 665 508 der
674 476 796 515 Hencker
803 475 880 512 Pein
898 473 1094 513 erfahre.

231 803 239 807 5
343 770 556 817 Haupt
567 761 713 811 abſchlaͤg't
725 770 735 800 /
860 786 867 793 5
959 797 961 799 a

142 812 208 852 Ihr
216 812 367 851 Schwantz
376 815 436 845 und
445 812 545 845 Brutt
556 810 604 847 ſich
614 808 691 857 ſelbſt
708 808 757 842 in's
778 805 838 841 Grab
855 813 887 848 zu
895 805 1025 847 ſcharren

0 746 12 780 2
31 726 225 769 bDaris.
233 730 337 769 Schau
346 737 359 770 /
377 722 424 774 wie
437 734 448 764 /
457 734 538 760 wenn
554 722 601 774 man
624 730 675 757 der
694 723 836 764 Schlang'
852 722 899 762 ihr
909 722 1019 763 giftigs

33 781 36 815 N

31 817 33 841 ö

0 913 17 950 0
146 896 249 929 Mneſt.
272 895 320 935 Ihr
322 890 725 939 Schlangen
492 887 507 943 /
522 887 577 943 gebt
592 887 637 943 den
652 887 727 943 Stich
733 891 790 925 mir
799 891 855 922 und
872 891 920 921 der
937 893 1084 937 Agrip⸗

494 927 569 979 pine.
951 954 956 955 5

82 978 141 1025 580.
155 981 227 1009 Anic.
239 964 323 1020 Schau
347 979 392 1012 wie
417 979 459 1008 die
466 976 581 1010 Natter
590 975 656 1011 noch
666 982 699 1014 zu
710 971 829 1013 zaͤngeln
840 970 890 1011 ſich
899 954 1059 1006 erkühne!

91 1476 145 1510 585.
155 1476 242 1505 Nero.
252 1474 325 1512 Hier
332 1474 366 1512 iſt
376 1477 423 1506 der
430 1471 576 1510 Orth
511 1464 526 1512 /
539 1464 582 1512 den
583 1476 625 1511 du
636 1480 697 1512 zum
706 1468 808 1509 Hpffer
818 1471 861 1499 dir
871 1464 1036 1504 beſtimm't.

158 1516 287 1547 Zoroaſt.
297 1515 381 1553 Sehr
389 1515 465 1548 wol:
492 1507 526 1553 daß
550 1507 618 1553 noch
634 1516 676 1545 die
698 1512 763 1552 Aſch
776 1509 888 1550 und
847 1507 897 1553 ihr
906 1507 1035 1542 Gebeine

165 1572 309 1591 —?„
413 1584 416 1586 a
506 1552 683 1596 glimmt.

162 1598 245 1631 Was
256 1598 323 1630 aber
318 1592 424 1636 raͤchelt
439 1592 489 1636 hier
511 1595 562 1636 fuͤr
573 1592 631 1636 eine
643 1595 725 1627 blutt'
734 1603 761 1635 ge
770 1592 876 1630 Leiche?
1089 1628 1096 1630 0

158 1643 244 1677 Anic.
255 1640 314 1679 Ein
330 1639 384 1682 ſich
401 1638 501 1682 ſelbſt⸗
512 1636 631 1677 leſchend
647 1637 754 1676 Brand
770 1634 830 1672 von
845 1630 1047 1674 Agrippinens

0 1731 49 1774 e
165 1770 167 1772 1
424 1722 639 1759 ,

907 1709 1036 1743 Zoroaſt
1024 1709 1036 1743 -

1 503 31 529 0
141 523 232 555 Wie:
243 520 658 564 Mneſter
371 514 385 564 /
398 514 533 564 zitterſtu?
546 514 664 564 ſchreckt
667 518 727 551 Tod
737 520 791 549 und
808 507 932 560 Sterben
949 517 1069 519 dich.

147 565 228 597 Was
237 566 346 605 ſtarꝛſtu?
356 566 480 601 hemmt
487 566 548 594 dein
563 557 607 605 Arm
630 561 696 597 noch
704 562 753 590 den
763 555 923 599 behertzten
939 559 1080 566 Stich?

82 606 210 642 e
262 604 536 678 lee
547 604 596 644 zu!
609 598 692 639 durch
701 599 769 641 ſolch
781 599 939 641 bepurpert
953 598 1018 639 ſter⸗

0 670 30 693 i.
394 666 396 669 a
511 654 545 680 en
953 653 962 656 1

0 670 24 695 b
143 688 209 722 Kan
218 693 276 728 aus
286 691 336 721 den
347 688 483 725 Wunden
493 695 560 719 man
569 685 628 721 ihm
637 683 753 724 Ehren⸗
762 682 879 723 Fahnen
890 680 1003 722 faͤrben.

0 992 32 1070 0
45 1011 50 1033 g
150 1019 252 1052 Mneſt.
261 1019 323 1053 Die
340 1019 438 1059 Zunge
445 1023 460 1054 /
470 1021 513 1049 die
527 1018 606 1056 ſchon
625 1010 696 1074 ſtirb'
706 1017 716 1070 t
722 1021 733 1051 /
738 1010 770 1074 iſt
782 1013 851 1046 alles
867 1006 1074 1051 Heuchelns

0 1084 29 1155 0
150 1084 237 1146 Paris.
245 1094 327 1165 Man
335 1084 419 1149 lach't
429 1058 636 1178 bea
644 1097 807 1139 verſpiel't
800 1089 815 1144 /
815 1098 858 1129 die
870 1093 961 1128 Karte
970 1088 1038 1160 reiſt
1050 1094 1057 1100 g

4 1182 309 1221 Verblutte
319 1183 402 1215 Seel
417 1186 472 1215 und
481 1174 568 1222 Geiſt
574 1187 587 1219 /
591 1178 718 1219 verkuͤhle
727 1179 803 1217 Zorn
812 1181 869 1211 und
877 1176 993 1214 Gallen.

1 1224 23 1239 —4
151 1226 210 1270 Ein
220 1226 269 1265 ſich
278 1223 608 1265 ſelbſt⸗ſtuͤrtzend
525 1219 605 1270 Feind
618 1221 751 1270 bring
702 1219 728 1270 't
751 1220 823 1259 ſuͤſſes
835 1219 1038 1266 Wolgefallen.

0 1285 30 1320 0
211 1295 370 1353 Nero.
392 1297 659 1353 Zoroaſter.
670 1298 797 1354 Sein
806 1293 998 1354 Diener.

0 1415 29 1449 N
335 1370 537 1433 Paris.
558 1368 796 1421 Anicetus.
