2659 3262
981 478 1059 506 1146

978 558 1025 584 das
1059 559 1162 585 Wetter.
1211 559 1273 589 Daß
1305 560 1343 585 ein
1377 559 1468 592 foldhes
1500 560 1645 592 Verfahren
1678 562 1742 590 ohne

976 592 1200 624 wifjen{haftlidhe
1216 593 1377 624 Grundlage,
1399 594 1446 619 wie
1467 601 1492 619 e&
1513 595 1547 619 im
1569 594 1742 626 jogenannten

975 626 1203 657 hundertjährigen
1224 626 1353 653 Kalender
1375 634 1416 654 zur
1436 628 1553 658 Geltung
1574 629 1636 656 kam,
1658 629 1756 655 keinen
1746 626 1756 658 |

977 660 1048 686 Wert
1070 660 1120 689 hat,
1142 660 1170 691 ijt
1191 660 1249 686 far.
1755 682 1757 692 |

1009 694 1067 720 Aus
1089 696 1135 720 den
1156 694 1372 725 Beobachtungen
1392 695 1443 720 und
1459 695 1644 727 Erfahrungen
1664 697 1756 727 vieler
1748 694 1756 727 |

975 727 1078 759 zumeift
1114 728 1148 753 im
1177 728 1267 757 Freien
1298 728 1485 759 zubringender
1514 728 1661 758 Mienfchen,
1695 730 1756 760 wie
1747 727 1756 760 |

974 761 1067 792 SZäger,
1087 761 1180 790 Hirten
1200 761 1251 787 und
1275 762 1419 789 Landleute,
1448 762 1539 788 bildete
1559 762 1601 793 fih
1622 763 1756 796 almälig
1749 761 1756 796 |

975 795 1029 820 eine
1042 795 1142 826 größere
1150 795 1250 825 Anzahl
1263 794 1432 826 fogenanuter
1440 796 1622 827 Wetterregeln
1637 798 1741 827 heraus,
1755 819 1756 826 |

975 835 1025 854 von
1047 830 1125 854 denen
1146 828 1218 857 heute
1243 829 1301 854 noch
1323 829 1405 859 einige
1425 830 1522 860 wenige
1543 830 1596 856 eine
1617 831 1756 865 Berechti:
1747 828 1756 865 |

975 868 1045 894 gung
1067 862 1157 892 haben,
1180 863 1218 888 die
1238 862 1340 893 meiften
1355 863 1436 894 jedoch
1451 863 1583 894 trügerifch
1600 863 1660 893 find.

975 897 1015 922 Die
1044 897 1095 922 alte
1125 896 1383 928 Witterungskunde!
1422 897 1489 923 Eine
1518 898 1741 928 wiffenfhaftliche

974 931 1051 957 Lehre
1081 936 1140 956 vom
1171 930 1273 959 Wetter,
1304 930 1557 962 Meteorologie,
1587 932 1661 963 fowie
1680 939 1755 959 vom
1743 930 1755 963 |

974 964 1064 991 Klima
1086 966 1107 990 d.
1129 966 1153 993 h.
1183 971 1233 990 von
1264 967 1309 991 den
1339 964 1381 992 für
1405 965 1477 991 einen
1507 966 1665 993 befitimmten
1689 967 1741 994 Ort

977 1000 1036 1025 oder
1056 999 1109 1024 eine
1125 999 1230 1031 Gegend
1252 999 1323 1026 dur
1345 999 1383 1025 die
1399 1000 1593 1031 gevaraphifche
1608 1003 1672 1032 Lage
1693 1002 1741 1027 mit

975 1033 1111 1063 bedingten
1141 1032 1276 1065 perivdijh
1306 1034 1539 1060 wiederkehrenden
1566 1035 1739 1067 Witterungs-

974 1066 1165 1099 Verhältnifjen
1187 1067 1400 1099 (Klimatologie)
1431 1068 1535 1099 beginnt
1562 1071 1673 1100 dagegen
1694 1070 1739 1100 erft

975 1108 1003 1132 zu
1026 1101 1099 1127 Ende
1125 1103 1168 1126 des
1194 1101 1298 1133 vorigen
1324 1101 1522 1131 Sahrhunderts
1548 1103 1594 1128 mit
1617 1106 1658 1129 der
1678 1104 1739 1130 Ver-

974 1136 1185 1166 vollfommnung
1207 1136 1249 1160 der
1269 1135 1459 1166 phyfikalijcdhen
1483 1136 1668 1166 Inftrumente.

1008 1169 1108 1195 Klima-
1131 1169 1178 1193 wie
1204 1169 1381 1195 Wetterkunde
1411 1171 1499 1198 zählen
1529 1170 1604 1199 fomit
1636 1178 1665 1201 zu
1692 1172 1737 1197 den

977 1202 1090 1233 jüngften
1119 1203 1335 1233 Wifenjchaften,
1370 1203 1422 1231 find
1456 1205 1655 1233 unzertrennlih
1686 1208 1737 1231 und

975 1236 1065 1267 dürfen
1085 1237 1126 1261 al8g
1148 1236 1273 1266 deutichen
1294 1236 1454 1268 Urfprunges
1476 1239 1609 1266 bezeichnet
1629 1241 1736 1266 werden,

976 1273 1008 1295 da
1028 1270 1181 1295 namentlich
1202 1270 1233 1295 2.
1254 1276 1277 1295 v.
1291 1270 1470 1297 Humboldt
1491 1274 1542 1296 und
1557 1271 1644 1297 Dove
1666 1273 1736 1302 durch

975 1304 1027 1333 ihre
1041 1303 1163 1330 Arbeiten
1179 1304 1216 1329 die
1230 1303 1483 1336 Hauptgrundlagen
1498 1304 1631 1336 gefchaffen
1648 1307 1737 1333 haben.
1751 1317 1752 1320 |

1009 1338 1060 1365 Die
1090 1337 1222 1369 wichtigjte
1251 1337 1416 1366 Erkenntnis,
1447 1339 1485 1365 die
1514 1346 1573 1365 man
1596 1340 1667 1370 jenen
1688 1341 1736 1366 Ge-

976 1372 1072 1401 lehrten
1102 1372 1230 1400 verdanfkt,
1262 1372 1289 1400 ijt
1310 1373 1355 1401 die,
1388 1372 1436 1404 daß
1460 1372 1501 1399 für
1527 1376 1572 1399 den
1593 1375 1736 1406 jeweiligen

977 1405 1083 1437 Zuftand
1115 1407 1157 1432 der
1186 1406 1358 1437 Atmojphäre
1388 1408 1442 1433 eine
1472 1414 1548 1438 ganze
1577 1408 1658 1435 Reihe
1687 1416 1737 1435 von

973 1440 1099 1473 Sattoren
1132 1439 1298 1472 beftimmend
1332 1440 1396 1472 find,
1414 1439 1426 1473 '
1430 1442 1516 1467 welche
1545 1445 1592 1468 alle
1625 1443 1666 1469 für
1699 1443 1737 1469 die

974 1474 1287 1506 Wettterbeobachtungen
1313 1474 1489 1506 berückfichtigt
1514 1479 1611 1502 werden
1634 1477 1737 1506 müfen.

1012 1508 1057 1536 Im
1077 1508 1155 1538 Laufe
1175 1510 1217 1533 der
1236 1508 1290 1537 Zeit
1314 1512 1419 1534 wurden
1443 1510 1507 1534 viele
1528 1511 1737 1541 Beobachtungs-

973 1540 1098 1571 ftationen
1119 1541 1162 1566 inı
1184 1541 1221 1566 en
1236 1542 1360 1569 Ländern,
1380 1542 1491 1567 errichtet
1505 1546 1555 1568 und
1577 1550 1602 1569 e8
1620 1544 1647 1573 ift
1668 1545 1736 1571 auf’8

974 1574 1086 1605 emfigite
1115 1581 1157 1600 am
1187 1575 1298 1600 Ausbau
1329 1577 1370 1601 der
1399 1575 1571 1607 Wifjen]chaft
1600 1578 1738 1608 gearbeitet

974 1608 1083 1638 worden,
1104 1608 1161 1637 troß
1185 1610 1247 1634 aller
1267 1608 1499 1640 Schwiertakeiten,
1521 1617 1570 1636 von
1592 1613 1668 1636 denen
1690 1619 1738 1637 nur

974 1642 1028 1668 eine
1049 1644 1161 1673 genannt
1190 1643 1238 1675 fein
1260 1650 1327 1675 mag,
1349 1643 1457 1670 nämlich
1484 1644 1521 1670 die
1543 1645 1738 1677 Unmöglichkeit

974 1679 1016 1702 der
1036 1676 1184 1709 Anftellung
1205 1684 1254 1704 von
1274 1678 1423 1705 Verjuchen.

1008 1711 1058 1737 Die
1072 1711 1249 1743 Bejprechung
1265 1714 1306 1738 der
1317 1713 1577 1742 Wetterverhältnifje
1597 1714 1737 1739 verbinden

975 1745 1022 1770 wir
1053 1745 1087 1771 im
1117 1745 1253 1777 folgenden
1284 1746 1331 1771 mit
1356 1748 1398 1772 der
1422 1747 1607 1779 Bejchreibung
1634 1751 1675 1774 der
1699 1755 1737 1779 ge

975 1779 1165 1810 bräuchlichtten
1198 1780 1379 1811 Infirumente
1413 1788 1454 1810 zur
1483 1782 1666 1814 Beobachtung
1697 1784 1739 1809 der

974 1814 1036 1840 oben
1070 1813 1218 1841 erwähnten
1251 1814 1389 1844 Faktoren,
1429 1817 1471 1840 der
1509 1816 1736 1846 Wetterelemente,

972 1847 1083 1875 nämlich
1106 1848 1147 1873 der
1184 1847 1450 1878 Lufttemperatur,
1467 1851 1510 1874 des
1548 1849 1703 1878 Luftdruckes,

973 1884 1015 1907 der
1043 1881 1318 1913 Luftitrömungen
1349 1885 1407 1908 oder
1435 1883 1541 1910 Winde,
1571 1886 1612 1909 der
1642 1884 1738 1915 Menge

973 1917 1017 1941 des
1038 1914 1311 1945 Wafjferdampres
1333 1915 1358 1940 in
1379 1918 1421 1941 der
1435 1915 1492 1941 Luft
1508 1919 1566 1941 oder
1586 1919 1629 1942 des
1645 1917 1737 1943 Dunit-

973 1948 1083 1979 Ddrucdes,
1109 1949 1152 1973 der
1171 1948 1325 1979 Geftaltung
1345 1951 1397 1974 und
1418 1949 1515 1979 Menge
1545 1953 1587 1975 der
1607 1950 1738 1976 Wolken

972 1983 1024 2008 und
1045 1983 1087 2008 der
1113 1982 1233 2012 Nieder
1250 1982 1344 2014 hläge
1365 1986 1423 2009 oder
1441 1983 1651 2010 Hydrometeore.

1010 2017 1028 2040 1.
1049 2015 1111 2042 Die
1136 2015 1335 2047 Temperatur
1355 2020 1405 2043 der
1425 2017 1507 2043 Luft.
1546 2018 1596 2044 Die
1610 2018 1752 2047 Lufthülle
1744 2015 1752 2047 |

973 2049 1073 2081 unferer
1093 2049 1169 2077 Erde,
1201 2051 1239 2076 die
1259 2050 1439 2082 Atmofphäre,
1470 2051 1535 2084 folat
1565 2052 1691 2084 derfelben
1712 2053 1737 2078 in

974 2084 1019 2109 den
1040 2083 1376 2117 Drehungsbewegungen;
1405 2085 1436 2113 fie
1467 2085 1494 2116 ift
1521 2086 1672 2112 bekanntlich
1698 2087 1737 2112 ein

974 2118 1105 2148 SGemenge
1134 2123 1184 2143 von
1214 2119 1364 2145 annähernd
1394 2120 1465 2147 79,01
1500 2121 1737 2150 Volumyrocenten

973 2150 1161 2182 Stickftoffgas,
1173 2153 1248 2178 20,95
1261 2154 1284 2179 B.
1305 2152 1510 2183 Sauerftoffgas,
1522 2156 1576 2181 0,04
1595 2155 1619 2180 V.
1627 2155 1737 2181 Kohlen:

973 2185 1045 2217 jäure
1074 2187 1125 2211 und
1156 2186 1322 2214 wechjelnden
1354 2188 1470 2218 Mengen
1501 2188 1657 2219 Wafjergas,
1686 2191 1737 2215 und

972 2220 1037 2245 wird
1059 2226 1091 2244 an
1116 2219 1145 2243 10
1164 2219 1265 2245 Meilen
1287 2221 1343 2250 hoch
1364 2220 1484 2252 gefhäßt.

1007 2253 1075 2284 Ihre
1097 2252 1203 2279 Wärme
1232 2254 1365 2286 empfängt
1394 2254 1425 2285 fie
1453 2261 1503 2280 von
1534 2255 1575 2281 der
1595 2254 1688 2282 Sonne
1713 2256 1738 2281 in

973 2288 1016 2315 der
1045 2286 1133 2320 Weije,
1164 2286 1213 2320 daß
1244 2288 1317 2315 deren
1344 2289 1473 2318 Strahlen
1504 2290 1542 2316 die
1570 2289 1627 2316 Luft
1657 2291 1737 2318 durch:

974 2324 1092 2355 dringen,
1123 2322 1154 2355 fie
1175 2322 1286 2354 zunächft
1308 2324 1354 2355 fajt
1375 2331 1421 2356 gar
1441 2325 1504 2350 nicht
1525 2324 1666 2351 erwärmen
1688 2329 1738 2352 und

972 2365 1015 2390 zur
1035 2358 1104 2385 Erde
1125 2359 1259 2390 gelangen.
1298 2358 1373 2388 Dieje
1395 2359 1516 2385 erwärmt
1537 2358 1578 2390 fich
1600 2363 1650 2386 und
1672 2360 1739 2392 giebt

973 2393 1041 2419 dann
1063 2394 1134 2419 durch
1149 2392 1302 2426 Strahlung
1317 2397 1368 2420 und
1389 2394 1494 2427 Leitung
1514 2394 1567 2422 ihre
1582 2394 1688 2421 Wärme
1706 2403 1738 2421 an

973 2428 1010 2454 die
1030 2428 1088 2458 Yuft
1107 2427 1148 2453 ab.

1006 2462 1064 2488 Aus
1100 2462 1142 2487 der
1171 2461 1336 2493 wechfelnden
1366 2462 1490 2493 Stellung
1522 2465 1563 2498 der
1592 2463 1661 2489 Erde
1700 2470 1740 2489 zur

973 2495 1076 2525 Sonne,
1091 2495 1167 2527 fowie
1182 2502 1230 2521 aus
1247 2498 1301 2522 dem
1319 2496 1461 2527 Umftande,
1484 2499 1533 2522 daß
1550 2499 1596 2522 das
1611 2500 1679 2523 Land
1702 2498 1740 2523 die

973 2530 1081 2556 Wärme
1102 2530 1171 2555 leicht
1192 2529 1335 2561 aufnimmt
1356 2532 1406 2556 und
1428 2531 1516 2562 ebenfo
1539 2531 1607 2557 leicht
1627 2532 1738 2562 abgiebt,

972 2564 1011 2589 die
1031 2563 1224 2595 Wafjerflächen
1256 2565 1367 2595 dagegen
1399 2564 1484 2590 beides
1505 2564 1667 2596 Ihwieriger,
1689 2564 1737 2596 daß

972 2598 1031 2625 auch
1062 2598 1100 2623 die
1129 2596 1367 2629 verfchiedenartige
1387 2598 1537 2629 Oberfläche
1567 2601 1609 2624 des
1630 2601 1738 2627 Landes,

973 2632 1002 2656 ob
1023 2632 1084 2656 eben
1115 2634 1173 2656 vder
1203 2632 1297 2661 bhergig,
1328 2633 1382 2658 kahl
1411 2634 1469 2657 oder
1490 2632 1636 2662 bewachfen,
1659 2633 1739 2659 hierin

971 2664 1125 2689 bedeutende
1145 2664 1315 2694 Unterfchiede
1336 2666 1383 2690 mit
1403 2665 1445 2692 fich
1468 2666 1561 2696 bringt,
1583 2666 1678 2696 ergiebt
1698 2665 1755 2696 fich
1747 2664 1755 2696 |

972 2696 1010 2722 die
1039 2697 1093 2728 jehr
1123 2697 1363 2730 verfchiedenartige
1392 2698 1569 2729 Erwärmung
1603 2702 1645 2725 der
1674 2699 1739 2726 Luft.

972 2730 1117 2761 Allgemein
1148 2732 1224 2762 findet
1258 2739 1318 2757 man
1354 2732 1407 2757 «ine
1433 2733 1572 2759 Abnahme
1602 2734 1644 2759 der
1672 2733 1740 2762 Luft-

972 2763 1068 2789 wärme
1098 2765 1145 2790 mit
1176 2767 1218 2790 der
1238 2765 1382 2796 Erhebung
1403 2773 1452 2791 von
1475 2769 1516 2792 der
1537 2766 1738 2797 Erdoberfläche,

973 2794 1049 2825 Jowie
1080 2803 1139 2823 vom
1170 2798 1306 2827 YAequator
1340 2800 1397 2825 nach
1432 2802 1477 2825 den
1507 2800 1590 2830 Polen
1625 2801 1676 2827 hin.

1698 864 1719 882 S

1699 883 1722 891 ©

1662 481 1845 518 Witterung.

2379 566 2408 591 in
2438 565 2538 595 leßter

2398 601 2449 625 der
2481 599 2536 625 Er

1771 563 1891 589 Wetter
1928 565 1988 589 und
2023 563 2132 590 Klima
2171 564 2340 596 bedingen,

1770 596 1859 623 Linie
1896 597 1953 628 auf
1991 597 2037 623 die
2074 598 2296 629 Ungleichheit
2329 599 2359 624 in

1771 629 1932 661 wärmung
1953 630 2220 662 zurücdzuführen.
2517 664 2523 668 }

1805 663 1855 690 Die
1883 663 2069 696 UnterJuchung
2094 666 2136 691 der
2156 665 2538 698 Erwärmungs-Verhältniffe

1771 698 1832 727 {teht
1853 698 1930 725 daher
1951 698 2050 724 obenan
2070 698 2113 729 für
2133 701 2179 725 den
2199 700 2406 731 Meteorologen,
2427 701 2474 726 wie
2494 699 2535 729 für

1771 731 1817 757 den
1847 732 1986 757 denfkfenden
2012 733 2151 762 Landwirt,
2182 733 2296 759 Gärtner
2326 734 2385 759 oder
2413 733 2536 766 fonftigen

1771 765 2054 791 SGewerbetreibenden.

1804 798 1854 824 Die
1875 798 2096 831 gebräuchlichften
2115 799 2312 831 Wärmemefjer
2332 804 2389 826 oder
2413 800 2536 828 Thermv-

1770 833 1848 858 meter
1867 832 1982 864 gründen
2004 832 2046 864 fih
2067 832 2112 864 auf
2133 834 2172 859 die
2186 833 2366 865 Ausdehnung
2387 836 2430 860 des
2446 833 2536 861 Yuec-

1770 864 1858 897 jilberg
1890 866 1949 893 oder
1968 866 2102 899 Alkohols.
2142 867 2181 894 €
2211 867 2263 898 find
2285 868 2324 894 die
2344 867 2538 897 Thermometer

1771 900 1827 928 nach
1866 900 2017 930 KReaumur,
2050 900 2150 932 GCelfius
2186 902 2237 927 und
2259 902 2429 934 Fahrenheit,
2463 905 2537 928 deren

1770 933 1869 960 Stalen
1899 935 1947 961 wir
1974 935 2052 961 unten
2082 935 2168 967 folgen
2199 935 2284 967 laffen.
2332 936 2463 963 Während
2489 936 2536 962 das

1769 967 1928 1000 Gelfius’Ihe
1949 969 2143 1000 Thermometer
2165 969 2283 995 allemein
2315 977 2343 1002 zu
2365 969 2528 1002 wiffenfhaft

1769 1002 1845 1029 liden
1867 1004 1977 1032 Zwecden
2007 1003 2090 1033 dient,
2120 1003 2149 1035 ift
2169 1004 2195 1029 in
2216 1003 2388 1035 Deutfchland
2418 1006 2537 1037 vorzugs-

1769 1036 1840 1068 weije
1862 1039 1909 1063 das
1926 1037 2131 1069 Reaumur’fche,
2152 1038 2177 1063 in
2198 1037 2324 1068 England
2345 1042 2396 1064 und
2418 1037 2538 1064 Amerika

1769 1073 1816 1096 das
1840 1071 2055 1103 Fahrenheit’fhe
2078 1073 2102 1097 in
2123 1071 2264 1099 Gebrauch.

1806 1105 1858 1131 Der
1878 1105 1967 1131 Raum
1997 1106 2113 1137 zwilhen
2134 1106 2265 1137 Eispunkt
2293 1108 2344 1132 und
2376 1105 2537 1136 Siedepunkt

1769 1138 1836 1170 heißt
1856 1139 2236 1171 Fundamentalabitand
2256 1141 2307 1166 und
2329 1140 2356 1172 ift
2378 1140 2414 1166 bei
2437 1139 2538 1171 Celfius

1800 1239 1855 1266 Der
1865 1240 2009 1271 Nullpunkt
2019 1241 2191 1273 Fahrenheit?
2207 1241 2235 1272 ift
2250 1241 2353 1273 mittelft
2368 1242 2435 1268 einer
2449 1241 2534 1269 Kälte-

1767 1274 1892 1306 mijcdhung
1913 1274 2035 1304 erhalten.

1801 1307 1890 1333 Srade
1919 1308 1981 1334 über
1999 1311 2016 1330 0
2035 1308 2135 1334 werden
2161 1308 2209 1334 mit
2228 1308 2402 1340 vorgefeßtem

2478 1309 2537 1335 Dder

1767 1343 1845 1368 ohne‘
1875 1342 2025 1373 Vorzeidhen
2054 1342 2218 1374 gefchrieben,
2240 1340 2339 1369 Grade
2358 1343 2432 1369 unter
2451 1347 2467 1365 0
2487 1342 2534 1369 mit

1802 2563 1857 2594 Für
1885 2563 2050 2597 gärtnerifhe
2069 2566 2164 2596 Zwecke
2193 2566 2329 2598 erfcheinen
2360 2567 2397 2593 die
2417 2567 2472 2598 hier
2492 2561 2531 2600 ab-

1769 2597 1910 2628 gebildeten
1931 2598 2043 2626 Formen
2068 2601 2111 2627 des
2132 2600 2342 2630 Thermometer8
2371 2607 2414 2626 am
2436 2597 2535 2629 meiften

1769 2632 1890 2662 geeignet.

1803 2664 1863 2690 Das
1876 2664 2187 2696 Piquet-Thermometer,
2199 2667 2225 2692 in
2238 2668 2284 2693 das
2298 2667 2420 2696 Mijtbeet
2434 2659 2534 2698 geftedt,

1770 2698 1837 2723 dient
1858 2702 1927 2730 dazu,
1958 2700 2002 2724 den
2024 2700 2098 2726 Grad
2120 2703 2162 2726 der
2181 2700 2286 2727 Wärme
2312 2700 2433 2731 deffelben
2454 2704 2482 2730 zu
2502 2698 2534 2719 €L

1769 2732 1879 2757 mitieln.

1804 2799 1914 2830 Mitteljt
1937 2802 1979 2825 des
2003 2798 2304 2833 Thermometrographs
2333 2803 2395 2828 kann
2416 2805 2476 2826 man

1916 2731 1956 2758 €
1977 2733 2004 2763 ijt
2026 2735 2097 2759 durch
2117 2734 2170 2760 eine
2191 2734 2274 2771 Hülfe
2290 2734 2411 2766 gefhüßt,
2433 2733 2470 2760 die
2493 2730 2534 2782 a

1769 2766 1886 2793 unteren,
1904 2765 2064 2797 zugefpißten
2078 2767 2169 2796 Theile
2184 2768 2232 2793 mit
2245 2770 2348 2794 Löchern
2364 2768 2479 2799 verfehen
2499 2764 2534 2801 1!

2498 2796 2528 2818 DI

972 2828 1030 2854 Wie
1059 2829 1101 2860 {ich
1131 2833 1174 2856 des
1201 2833 1329 2858 Weiteren
1355 2833 1463 2863 ergiebt,
1493 2832 1546 2863 find
1576 2834 1639 2859 alle
1665 2834 1739 2860 Ver-
1750 2827 1762 2866 |
1769 2833 1906 2860 innerhalb
1928 2833 1997 2859 eines
2024 2835 2165 2866 beliebigen
2188 2836 2361 2864 Zeitraumes,
2381 2827 2533 2866 gewöhnlid

972 2861 1176 2895 änberungen
1216 2866 1244 2890 in
1289 2868 1342 2891 der

1380 2867 1596 2897 Atmofphäre
1633 2868 1800 2893 weldgel24
1818 2867 1947 2897 Stunden,
1969 2867 2093 2900 gewefene
2109 2868 2201 2900 höchfte
2215 2870 2266 2895 und
2281 2870 2416 2901 niedrigjte
2430 2864 2532 2893 Temp

1767 1173 1793 1197 in
1826 1173 1884 1201 100,
1915 1174 1953 1199 bei
1975 1174 2113 1200 Reaumur
2138 1175 2163 1199 in
2183 1177 2227 1204 80,
2259 1175 2296 1200 bei
2326 1174 2483 1205 Fahrenheit
2512 1174 2537 1199 in

1767 1208 1886 1230 212—32
1907 1207 1926 1240 —
1946 1209 1992 1231 180
2011 1208 2101 1238 gleiche
2121 1207 2192 1234 Teile
2214 1210 2272 1234 oder
2292 1209 2381 1234 Grade
2401 1208 2496 1240 geteilt.

1766 1392 1774 1393 —
1820 1377 1927 1406 Beichen.

1844 1411 1931 1437 Srade
2141 1411 2229 1437 Grade
2395 1412 2483 1438 Grade

1836 1444 1937 1475 Gelfiu8
2119 1445 2257 1471 NReaumur
2359 1445 2514 1476 Fahrenheit

1812 1481 1859 1504 100
1873 1479 1981 1511 Siedep.
2067 1494 2070 1497 +
2121 1483 2153 1502 80
2173 1479 2282 1511 Siedep.
2366 1482 2415 1504 212
2435 1480 2535 1509 Siedep

1780 1517 1794 1530 }-
1825 1514 1857 1537 95
2064 1517 2079 1541 +
2116 1514 2149 1538 76
2361 1516 2410 1538 203

1778 1550 1794 1566 +
1827 1547 1860 1571 90
2065 1553 2080 1578 +
2118 1548 2150 1571 72
2366 1548 2412 1571 194

1826 1584 1859 1602 80
2054 1586 2068 1611 +
2117 1581 2146 1605 64
2365 1582 2411 1606 176

1780 1618 1782 1631 +
1826 1614 1859 1638 70
2066 1620 2068 1645 4
2118 1615 2150 1637 56
2365 1616 2413 1639 158

1827 1650 1859 1669 60
2066 1653 2080 1678 L
2117 1648 2150 1672 48
2331 1649 2413 1673 140

1826 1683 1859 1705 50
2117 1682 2151 1705 40
2332 1685 2333 1698 4
2367 1683 2413 1706 122

1832 1716 1859 1739 40
2116 1716 2149 1739 32
2366 1716 2408 1739 104

1826 1750 1858 1773 3b
2119 1750 2150 1773 28
2380 1750 2412 1773 95

1827 1786 1860 1807 30
2117 1784 2150 1808 24
2380 1784 2412 1806 86

1826 1820 1859 1841 25
2117 1819 2151 1842 20
2380 1819 2410 1843 77

1827 1853 1860 1876 20
2066 1853 2150 1876 FG
2380 1854 2412 1875 68

1832 1887 1859 1909 15
2067 1892 2068 1914 FE
2122 1886 2151 1909 12
2332 1900 2334 1914 +
2380 1887 2412 1909 59

1830 1920 1860 1942 10
2066 1922 2068 1946 |
2135 1922 2150 1939 8
2332 1921 2413 1946 E60

1781 1966 1783 1978 {
1844 1953 1859 1974 5
2065 1955 2079 1981 H
2134 1953 2146 1976 4
2330 1955 2344 1969 FE
2378 1953 2406 1976 41

1842 1989 1859 2008 0
1904 1984 1980 2017 CEisp.
2068 1989 2070 2003 H+—
2135 1990 2151 2009 0
2172 1986 2248 2018 Eisp.
2331 2001 2344 2014 FE
2378 1988 2411 2010 32
2448 1986 2524 2016 GEiep.

1801 2021 1858 2043 5
2143 2021 2149 2045 4
2331 2022 2411 2044 28

1803 2053 1859 2077 —10
2137 2057 2152 2076 8
2330 2058 2338 2082 k
2384 2055 2411 2079 12

1830 2088 1859 2111 15
2120 2089 2152 2113 12
2333 2090 2334 2115 |
2397 2090 2413 2113 5

1800 2121 1885 2151 —17,8
2122 2123 2176 2149 14,6
2331 2129 2360 2150 kH—
2397 2126 2414 2145 0

1801 2157 1859 2179 —20
2120 2156 2149 2180 16
2355 2173 2375 2175 —
2397 2156 2410 2180 4

1827 2190 1860 2212 30
2117 2190 2145 2214 24
2381 2192 2413 2215 22

1800 2223 1860 2246 —40
2115 2224 2148 2248 832
2363 2225 2413 2248 —40

1801 2255 1852 2282 Die
1890 2257 2063 2288 Umrechnung
2103 2260 2145 2284 der
2182 2257 2282 2285 Stalen
2320 2257 2440 2290 gefchieht
2477 2254 2534 2285 nad)

1768 2290 1903 2323 folgenden
1923 2290 2059 2323 Formeln:

1983 2327 1999 2350 5
2269 2328 2283 2351 9

1848 2348 1906 2358 :0R
2089 2348 2092 2357 Y
2240 2360 2244 2362 N
2313 2357 2361 2367 ec.
2380 2350 2411 2366 99
2443 2349 2452 2364 FF

1982 2405 1995 2429 4
2268 2406 2283 2429 9

1838 2425 1907 2450 x°C
1985 2448 1994 2452 —
2030 2435 2044 2450 x
2075 2426 2096 2451 R
2269 2435 2317 2453 x
2379 2426 2461 2451 8.

1983 2457 1998 2470 3)
2267 2456 2283 2471 0)
