1000 1545
523 67 550 89 1.

374 107 694 159 Beutelſchneider
674 107 694 159 /

478 161 546 193 Das
554 164 596 198 iſt
586 161 596 198 /

227 204 516 273 Allgemeine
528 208 844 276 Verzeichnuß

332 279 413 322 uͤber
424 282 474 320 die
484 276 661 328 Hiſtorſen
669 288 741 322 von

443 337 495 367 den
503 329 626 366 Dieben.

385 398 485 447 Das
494 405 520 442 J.
532 402 684 452 Capitel.

214 454 292 508 Von
298 458 368 507 dem
384 455 618 498 erſchrecklichen
627 455 727 488 Leben
745 452 802 496 deß
810 453 869 485 Ca⸗

258 510 394 553 pitainen
403 502 536 543 Ccaon
524 498 534 553 /
543 501 590 533 als
597 499 652 541 deß
665 499 678 532 Y
700 498 813 539 berſten
820 499 870 530 der

259 544 393 582 Dieben
383 543 403 589 /
404 546 480 580 Von
487 547 592 589 ſeinem
606 543 781 589 Geſchlecht
796 543 870 575 vnnd

259 585 464 649 verkommen
487 594 569 625 vnnd
576 594 635 624 wie
642 600 670 622 er
678 589 737 632 ſich
744 592 774 621 in
782 588 872 630 ſeiner

260 636 388 679 Jugendt
404 636 451 679 hat
471 637 638 679 verhalten.

536 686 609 722 Ann
627 689 669 718 ein
684 678 808 720 Menſch
821 683 875 712 ein⸗

409 762 422 782 0
541 731 594 764 mal
608 729 729 764 anfanget
749 732 777 759 zu
792 723 875 755 raſen
863 723 875 768 /

440 775 594 819 end
607 773 632 799 in
644 768 698 798 Ver
710 761 838 799 weifflung
848 770 877 797 zu

306 831 397 858 N
541 811 648 848 gerathen
660 815 667 838 /
682 811 725 836 oder
740 799 824 852 einmal
833 802 878 838 fol

256 851 461 898 Re
466 841 519 881 A
544 856 635 887 geit
599 841 629 891 wo
644 856 669 882 in
677 846 724 882 ſein
732 846 813 875 blinde
821 841 879 871 Be⸗

256 880 313 911 Ni
423 870 461 907 N
799 880 824 889 75

307 898 469 934 N.
479 885 517 944 1
545 893 625 927 glerde
633 882 847 922 hinreiſſen
760 882 765 931 /
774 882 793 931 ſo
802 882 849 931 laſt
855 888 881 912 er

306 934 319 950 9
489 927 653 960 darnach
662 931 705 956 den
718 921 879 958 Zaumſchteſ⸗

388 970 464 999 2
547 969 584 1003 ſen
595 963 663 1003 ſelnen
679 963 755 1003 boͤſen
757 965 878 992 vnoꝛden⸗

220 1015 301 1048 lichen
310 1010 381 1047 boͤſen
391 1008 518 1046 Affecten:
548 1006 582 1040 Da
590 1008 635 1037 tan
650 1013 713 1036 man
721 1006 749 1033 in
757 1006 797 1032 der
804 999 881 1030 Welt

219 1057 360 1087 niemands
368 1047 540 1086 uͤbermuͤtiger
547 1052 600 1078 vnd
608 1044 695 1081 aͤrger
685 1040 698 1085 /
710 1046 747 1074 als
759 1044 817 1072 einen
838 1040 881 1074 ſol⸗

218 1096 279 1128 chen
287 1089 508 1127 Menſchen
430 1079 440 1128 /
520 1101 524 1118 ehen:
533 1087 622 1118 Dann
632 1088 670 1114 ein
678 1083 766 1119 ſelcher
772 1078 882 1113 Menſch

221 1138 289 1167 trotzt
296 1136 410 1164 alsdann
420 1134 465 1160 den
475 1127 631 1163 Himmel
596 1123 605 1167 /
613 1123 634 1167 er
640 1114 808 1162 verſchmaͤhet
828 1114 882 1162 Bot⸗

219 1179 260 1202 tes
267 1171 423 1207 Schickung
433 1171 505 1200 vnnd
513 1166 650 1199 Ordnung
674 1161 714 1193 Er
723 1162 821 1198 glaubet
830 1159 883 1188 vnd

219 1212 293 1241 bildet
301 1213 355 1244 ihm
363 1213 403 1242 ein
411 1218 420 1240 /
433 1212 470 1240 die
481 1205 635 1244 Geſtirn
602 1198 635 1244 am
645 1202 735 1238 Himel
744 1198 839 1235 muͤſſen
847 1198 882 1231 jm

219 1249 284 1282 nach
291 1249 384 1283 ſeinem
395 1247 480 1283 Koypff
486 1245 563 1281 gehen
572 1248 625 1274 vnd
634 1244 757 1278 operieren
766 1246 775 1270 /
790 1242 809 1268 es
818 1241 884 1266 dun.

224 1288 272 1320 cket
279 1288 324 1325 jhn
331 1291 368 1319 die
375 1287 444 1320 Erde
452 1288 487 1325 ſey
496 1284 565 1320 nicht
573 1284 650 1319 werth
660 1289 669 1314 /
678 1280 726 1316 daß
734 1280 763 1315 ſie
771 1277 815 1313 ſon
826 1273 884 1309 ſolte

786 1317 885 1357 tragen

212 381 269 391 —
296 381 327 391 —

278 957 387 990 22108
455 959 463 968 8

332 977 371 990 0
