1267 2155
65 430 108 464 die
123 434 179 465 uns
194 430 312 472 felbft’in
329 433 380 464 den
407 429 692 473 Elementarblichern
714 434 767 468 des

64 510 164 547 Neuen
179 515 303 548 Bundes
318 513 497 558 verfprochen
511 515 593 548 wird;

348 642 377 686 $.
415 650 474 688 87

110 760 271 801 Bielleicht,
306 759 361 802 daß
389 759 467 801 felbft
488 756 596 805 gewilfe
619 755 761 802 Schwarz

61 848 120 873 nier.
136 844 186 873 des
205 841 385 881 dreyzehnteir
403 844 457 874 und
458 840 646 882 Gierzehnten
667 844 760 881 Jahr:

39 910 192 960 Hunderte
209 920 287 956 einen
302 922 411 962 Strahl
430 923 517 965 diefes
540 932 629 956 neuen
652 925 759 965 ewigen

58 1003 268 1045 Evangeliums
284 1002 474 1045 aufgefangen
492 1004 605 1045 hatten;
631 1008 689 1038 und
705 1015 760 1039 nur

57 1086 158 1118 darin
173 1086 275 1126 irtten,
302 1087 356 1128 daß
373 1085 475 1126 fie.den
490 1086 641 1128 Ansbruch
664 1086 755 1128 deffelz

55 1166 108 1199 hen
124 1167 151 1208 fo
167 1167 239 1204 nahe
253 1165 460 1208 verfündigten.

340 1296 370 1336 $0
407 1302 464 1336 88:

102 1407 245 1450 Vieleicht
270 1419 331 1445 "war
358 1412 401 1452 ihr
428 1410 631 1460 dreyfaches
652 1411 754 1453 Alter

54 1491 115 1528 der
140 1490 244 1530 YWelr.
272 1492 344 1526 Feine
377 1493 405 1535 fo
437 1494 507 1527 Teere‘
540 1495 649 1538 SGrille£
692 1499 752 1529 und

449 1576 474 1616 $
702 1587 751 1627 ge:
