1280 2091
588 185 637 216 97

332 297 427 326 Grüne
449 296 575 331 Ukraine,

332 347 379 376 Du
400 347 448 382 biſt
467 348 519 384 jetzt
539 349 665 384 verlaſſen

331 398 458 433 Einſam,
477 399 590 434 einſam,
609 400 707 433 einſam

332 449 399 478 Seit
418 451 462 479 der
481 450 587 478 Tartar
607 449 704 479 kommt
723 465 761 471 —

331 499 399 536 Ach,
418 500 461 536 ihr
481 500 562 536 freien
582 501 693 536 Pferde,

332 552 389 579 Und
410 551 453 586 ihr
472 551 555 586 freien
574 551 674 586 Polen!

235 658 291 699 Ich
321 662 398 698 hatte
426 662 526 699 vorher
555 662 631 699 nicht
654 663 764 693 weinen
788 660 917 698 können,
946 662 1056 700 obwohl

167 726 207 763 ich
239 726 319 757 mein
342 723 461 764 Liebſtes
489 728 617 758 verloren
642 727 738 765 hatte,
769 727 825 764 jetzt
849 732 974 758 rannten
999 729 1056 758 mir

167 791 211 822 die
235 788 373 827 Thränen
397 788 556 828 ſtromweis
587 789 655 822 über
679 792 732 822 das
756 787 887 829 Geſicht,
918 792 958 829 ich
982 799 1058 823 wen⸗

168 856 227 886 dete
252 855 305 886 den
329 840 411 894 Kopf
436 856 547 887 meines
572 854 696 893 Pferdes
726 855 827 887 wieder
856 854 957 893 herum
987 856 1056 894 nach

166 916 338 958 Volhynien
367 928 417 959 zu,
451 926 509 951 von
546 926 591 951 wo
622 919 661 958 ich
693 919 858 959 gekommen
888 927 968 955 war,
1004 928 1057 951 um

169 985 247 1015 mein
271 980 418 1022 Mädchen
443 992 476 1024 zu
501 983 609 1022 ſuchen.
657 982 729 1016 Das
752 982 840 1023 Thier
865 985 929 1016 eilte
953 983 1057 1023 raſtlos

168 1049 238 1086 nach
275 1049 321 1080 der
352 1046 514 1088 Heimath,
549 1050 609 1080 und
646 1050 693 1080 als
729 1049 803 1080 beim
838 1046 973 1087 Anbruch
1009 1050 1059 1080 des

168 1109 317 1153 Morgens
340 1114 405 1144 eins
428 1114 504 1150 jener
527 1112 669 1151 ſchlanken
686 1110 893 1153 Steppenroſſe
916 1113 1058 1151 wiehernd

169 1179 229 1208 und
255 1179 323 1209 wild
348 1185 387 1208 an
404 1178 462 1208 mir
478 1176 676 1216 vorüberflog,
700 1178 736 1208 da
760 1176 808 1215 ſah
834 1177 873 1215 ich
898 1176 977 1215 ſchon
1001 1184 1059 1208 von

168 1239 298 1273 Weitem
324 1243 367 1273 die
383 1243 491 1282 ewigen
508 1242 599 1281 hohen
616 1238 754 1278 Wälder,
778 1243 810 1273 in
830 1242 948 1281 welchen
965 1243 1059 1273 meine

168 1305 309 1345 Heimath
335 1307 414 1346 liegt.
696 1318 760 1334 *

239 1367 321 1401 Dort
357 1370 487 1410 zwiſchen
523 1372 577 1402 den
611 1372 690 1403 alten
718 1368 879 1407 Bäumen,
916 1369 972 1408 auf
1006 1371 1059 1402 den

169 1434 315 1471 feuchten,
340 1436 397 1466 mit
420 1435 522 1474 hohem
539 1432 624 1467 Gras
649 1435 840 1473 bewachſenen
856 1433 974 1472 Wieſen
998 1443 1059 1467 war

170 1500 210 1532 ich
238 1500 307 1539 groß
338 1501 507 1540 geworden,
539 1500 615 1539 hatte
649 1501 701 1532 den
734 1498 822 1538 Wolf
848 1500 962 1541 gejagt,
999 1502 1059 1532 und

170 1566 224 1595 das
253 1569 370 1596 muntre
400 1564 491 1603 Pferd
521 1566 701 1605 getummelt.
754 1562 846 1596 Mein
874 1563 968 1597 Vater
999 1573 1059 1597 war

169 1630 216 1659 ein
246 1629 345 1667 reicher
369 1626 573 1667 Gutsbeſitzer,
604 1631 664 1661 und
697 1631 736 1667 ich
767 1637 827 1662 war
858 1631 911 1662 das
940 1627 1059 1670 Einzige

169 1692 225 1728 auf
247 1694 293 1724 der
317 1691 415 1730 Welt,
446 1702 485 1725 an
511 1696 574 1726 dem
598 1704 626 1725 er
651 1695 718 1733 noch
743 1692 849 1732 Freude
882 1695 979 1731 hatte,
1011 1693 1061 1731 ſeit

246 1764 298 1791 Iv.
626 1779 630 1782 a
814 1767 837 1799 6
