3068 4660
1287 114 1881 192 — 170 —
257 276 719 380 Verluste, —
773 272 1231 379 er, frage
1270 272 2818 380 ich, will die Grenze des Ertrags von
257 368 737 460 allen diesen
760 366 1244 456 und anderen
1269 363 2818 465 Vortheilen, die sich mit fortschreitender
257 451 2818 554 Cultur sicher herausstellen werden, feststellen und de Zahl der e-
257 539 2536 643 ohner bestimmen, die dadurch ernahrt werden konnten')
348 627 2818 730 Ieh will einmal unterstellen, es sollten heute schon alle diese
257 717 2818 823 Massregeln in Angriff genommen werden, so wurde sich herausstellen,
257 804 2818 910 d ass um sie algemein und voll ausunutL, ir be1 eitem
257 894 2818 999 nicht genug Menschen hatten und unsere Landsleute, statt
257 983 2818 1079 nach anderwarts auszandern, ach Deutschland uruck-
257 1071 2818 1167 wandern mussten. Nun ird selbstverstandlich eine Gesellschaft
257 1159 2818 1264 sich nicht das Ziel stellen, das was sie fur die Zukunft fur moglich
257 1249 2818 1353 halt, in einer gegebenen Zeit zu verwirklichen, sondern sie wird sich
257 1337 2818 1441 begnugen, diese umfassenden Veranderungen in dem Maasse u er-
257 1426 2818 1531 weitern, als die Nothwendi gkeit und damit die bequemere
257 1513 1842 1611 Moglichkeit dazu sich herausstellt.
342 1600 2818 1707 Gilt das aber von dem gegenwartigen Bevolkerungsstand und dem
257 1688 2818 1796 ustand der Dinge in Deutschland, so gilt das in noch weit hoherem
257 1780 2818 1883 Grade von den meisten Landern des ubrigen Europa, und ich setze
257 1869 2818 1971 hinzu, von seinen schonsten und fruchtbarsten; von fremden
257 1958 1651 2062 Erdtheilen vorlaufig gauz abgesehen.
345 2044 1833 2142 Nicht allein onnten Frankreich und
1849 2042 2818 2143 England unter den veran—
257 2132 2818 2231 derten Verhaltnissen — man denke unter anderm an die ungeheure
257 2221 2818 2328 Bodenverschwendung der grossen Landlords in England und Schott-
257 2311 2818 2419 land zu agdgrunden') und an den Zustand Irlands, das fruher mehr
257 2398 2819 2509 als doppelt so viel Einwohner hatte als heutg***) — ganz gealtig
301 2637 2819 2735 *) Neuerdings ist die wurttembergische Regierung auf den guten Einfall
257 2710 2819 2805 geommen, die Boschungen der Eisenbahnen versuchsweise mit wergobst-
257 2789 2819 2877 baumen zu bepfanzen. Obgleich diese kaum die ausreichende Pflege, 1e iu
257 2860 2819 2947 einem sozialistisch organisirten Gemeinwesen finden werden, so durfte doch 1m-
257 2930 2819 3020 merhin hr Ertrag betrachtlich sein und, in Geldwerth ausgedruckt, dem taate
257 3001 2819 3085 einen ansehnlichen Vortheil einbringen. Varum sollen die Menschen nicht auch
257 3073 2819 3158 noch auf den Gedanken kommen, die Dacher ihrer Hauser far geisse Pflanzen-
257 3143 2815 3238 culturen zu benutzen, zu welchem Zveck sie dann die Dacher flach bauten.
307 3256 2819 3353 *V) ,,Zwei MLiooee ceer. welche die fruehtbarsten Landereien
257 3328 2819 3426 Schottlands einbegreiten, sind ganz und gar vust gelegt. Das naturliehe Gras
257 3408 2819 3492 von Glen Tilt zahlt zu den nahrhattesten der Grafschaft Perth, der Deer forest
257 3477 2819 3567 (ildpar) von Ben Aulder ar der beste Grasgrund im weiten Distrit von
257 3549 2819 3636 Badenoch, ein Theil des Blacl Mount Forest war das vorzuglichste schottische
257 3619 2819 3710 Veideland fur schwarzgesichtige Schafe. Von der Ausdehnung des fur agd-
257 3688 2819 3780 l1ebhaberc1 wustgelegten Grund und Bodens mag man sich eine Vorstellung
257 3762 2819 3851 bilden aus der Thatsache, dass er einen viel grosseren Fachenraum umfasst,
257 3831 2819 3919 als die ganze Grafschaft Perth. Der Verlust des Landes an Produktionsquelleu
257 3903 2819 3991 in Folge dieser gewaltsamen Verodung mag man daraus schatzen. dass der Boden
257 3974 2819 4061 des Vldparks von Ben Aulder 15,000 Schafe nahren onnte uund dass er nur
257 4044 2819 4132 e1n Dreissigstel des gesammten agdreviers on dchottland betragt.
336 4115 2819 4203 .All dieses Jagdland ist durchaus unproduktiv. ... es hatte ebensowohl in
257 4176 1987 4271 den Fluten der Nordsee versenkt erden onnen.
1329 4245 2754 4351 Karl Marxx ,Das apital', 2. Auflage.
405 4372 621 4473 *48
851 4372 2304 4472 So sorgt der Herr. dass Hirsch und Ochs,
846 4453 2190 4529 Das heisst dass 1hn sein Bauer maste,
