3068 4660
1191 116 1859 197 — 162 —
253 278 640 385 negirend
669 292 1058 382 gegen S1e
1088 273 2836 376 verhalt. Die sozalistische Gesellschaft durfte
253 367 1073 473 demgemass alle bisher
1080 367 2836 470 geohnten und gepflegten Beziehungen zu reli—
253 453 2836 562 giosen Organisationen einfach losen, und die Religion zur Privatsache
253 543 2836 644 erklaren und auf ihre eigenen Fusse stellen. Dies bedeutete: absolute
253 630 2836 735 Trennung des Staats und der Commune von der Kirche, und Tren-
253 719 2836 825 nung der Kirche von der Schule; Entziehung jeder materiellen oder
253 808 2836 915 geistigen Unterstutzung aus Mitteln und Iulfsquellen des Gemeinwesens;
253 897 2836 1001 eseitigung alles dessen aus dem nterricht, as mit ihr in Verbin-
253 985 2088 1090 dung und Beziehung steht. Das Grundeigenthum
2107 987 2252 1078 der
2261 989 2836 1091 Kirchen urde,
253 1075 2836 1177 ie alles Grundeigenthum, Gemeingut und äre den Communen zu
253 1162 2836 1268 uberweisen), ihr Silber und Gold und ihre Gerathe moge sie nach
253 1251 2836 1354 Belieben verwenden, s0 gut wie jeder Privatmann uber sein Gold und
253 1341 2836 1445 Silber oder seinen Hausrath verfugen Kann. Im ubrigen durften die
253 1429 2836 1534 Kirchen den Glaubigen, wie jeder andern Vereinignng von Staats-
253 1517 2836 1623 burgern, zu ihren Vorsammlungen zur Verfugung stehen. Die Glau—
253 1606 2836 1710 bigen werden wohl ihre Meinungen gegen die Meinungen der Andern
253 1694 2836 1801 in Kampf bringen und sie mogen sehen wie weit sie kommen). Ieh
253 1783 2836 1889 glaube indess, die meisten ihrer Diener werden bald einsehen, ie
253 1873 1275 1979 wenig wurdig die Rolle ist,
1308 1872 2836 1966 die sie in einer auf Arbeit und Vissen—
298 2038 2836 2134 *) Man darf elleicht hoffen, dass die rche, eun es sich einmal darum
253 2113 2836 2207 handelt, den Communismus prakt1sch eizufuhren, umsoweniger sich dagegen
253 2190 2836 2276 straubt, als dieser Gesellschaftszustand thatsachlich esentlichen Glaubenssatzen
253 2262 2836 2347 des Neuen Testaments entspricht und von den hervorragendsten irchenlehrern
253 2332 2836 2418 als der allein richtige Menschhetszustand anerkannt urde. u deu bereits
253 2403 1870 2490 citirten Ausspruchen mogen noch einige folgen
307 2465 2836 2560 Gregor der Grosse. Es ist noch nicht genug, das Gut Anderer icht zu
253 2545 2836 2632 rauben, vergebens glauben Jene, sie seien unschuldig, welche die Guter, dre
253 2615 2836 2702 Gott Aleu geme1nsam gegeben hat, sich selbst zueignen, indem sie den
253 2686 2836 2778 Andern nicht geben, was sie erhalten habeu, werden sie zu Mordern und
253 2760 913 2843 Todtschlagern.
306 2818 2836 2912 Gegen diese Kraftsprache ist das Condorcet- Brissot'- und Proudhon'sche
253 2891 2836 2987 ,,Eigenthum ist Diebstahl'' zimperliches Gefluster. Fast noch wilder spricht
253 2970 2836 3057 Gregor von Naian. Er sagt ,,Es are besser und gerechtei geesen,
253 3041 2836 3126 da vir ja Alle Bruder, durch die Baude des Bluts uud der Natur verbunden
253 3112 2836 3194 sind, wenn wir Alles unter Alle gleich vertheilt hatten. Venn Einer sich zum
253 3182 2836 3268 Herrn uber alles Gut erheben will, Ales einzig besitzen mochte und seine
253 3253 2836 3338 Bruder vom dritten oder vierten Theil ausschliesst, so ist dieser da ein Bruder
253 3324 2836 3411 mehr, sonder ein uumeuschlcher Tyrann, ein grausamer Barba1,
253 3395 2836 3489 oder vielmehr ein ldes Tier, dessen Rachen 1mmer aufgesperrt ist, um
253 3456 2145 3548 einzig und allein die Nahrung Andrer zu verzehren.
314 3526 2836 3620 St. Augustin ,,Der eberfluss der Reichen ist das Nothwendige der Armen.
253 3598 2607 3692 Man besitzt das igenthum Anderer, wenn man eberflussiges besitzt.
316 3668 2836 3762 ) Venn die neue Gesellschaft die vorbezeichneten Massregeln ergreift,
253 3740 2836 3833 wird Jeder einsehen, dass dem Sozialismus uichts terner liegen anu als religiose
253 3817 2836 3905 eberzeugungen mit gewaltamen Mitteln zu bekampfen. Die Redensarten, ie
253 3888 2836 3971 die Sozialdemokratie ill den Menschen hren Gott aus dem Hlerzen reissen,
253 3959 2836 4044 oder: sie ill ie Religion ,,abschaften, sind Redensarten. ertunden von Schuren
253 4030 2836 4114 oder Dummen. um noch Dummere zu bethoren. Die Sache legt sehr einfach:
253 4100 2836 4186 existirt ein Gott, so ann ihn die Sozialdemoratie nicht abschaffen, existirt
253 4171 2836 4256 er mcht, so braucht sie ihn nicht abzuschaffen. amit konnen sich unsere
253 4240 2836 4327 Glaubigen zufrieden geben. edenfalls sind die eiten vorbei o man das
253 4311 2836 4398 ,,ochste eseu'' eines Tages durch Volksbeschluss abschaftt uud es au einem
253 4383 2836 4469 andern Tage durch Conventbeschluss ieder einsetzt. Die Menschheit ist seit-
253 4452 2128 4532 dom um fast hundert Jahre alter und kluger georden.
