3068 4660
1176 115 1854 195 — 140 —
244 273 2266 373 hochbedeutsame Gartenwirthschaft ihre allerschonsten
2302 277 2803 373 Bluthen ent-
244 369 540 462 falten.
328 449 2288 557 Sicher giebt es keine gesundere und, enn mit
2303 454 2803 560 Maass geubt,
244 541 2803 646 auch eine angenemere Beschaftigung wie die Garten- und Gartner-
244 630 2803 733 arbeit. Diese ist und bleibt vornehmlch orzugseise Handarbeit,
244 719 2803 822 omit selbstverstandlich nicht gesagt ist, dass nicht die Hulfswerk-
244 808 2803 913 zeuge wie die ganze Art der ewirthschaftung bedeutende und steigende
244 896 2803 999 Verbesserungen erfahren werden. Die Gartenarbeit bietet tausender-
244 984 2803 1089 lei Reize und bewahrt sich stets als sehr dankbar. Da bei der stetig
244 1072 2803 1178 dichter werdenden Bevolkerung die Nachfrage nach Nahrungsmitteln
244 1162 2803 1266 ebenfalls steigt, so bietet gerade die hohere Garten-, Gemuse- und
244 1250 2804 1354 Obstzucht ein hochwichtiges und fast unerschopfliches Feld. Vas
244 1339 2804 1444 heute Produkt vereinzelt stehender hoher Gartenkunst ist, jene pracht-
244 1425 2804 1530 vollen Gemuse, Vurzeln-, Knollen- und Obstsorten, die wir auf Gartenn—
244 1516 2804 1617 Ausstellungen bewundern, ird ohne Zweifel in der Gartenirthschaft
244 1605 2804 1707 der Zukunft allgemeines Ergebniss werden. So wird jede Commune
244 1693 2804 1796 eine bis zu einem geissen Grade abgeschlossene Virthschaft haben.
244 1780 2804 1886 Der Gegensatz zwischen Stadt-und Landbeolkerung ist er-
244 1870 2681 1974 schunden, das fur Alle gleiche Culturnieau erreict.
331 1957 1085 2064 Unsere bisherigen
1097 1960 2804 2065 Ergebnisse lassen sich in folgender Veise zu—
244 2048 826 2141 Sammenfassen:
337 2148 2804 2258 1. Das Vol besitzt das volle, uneingeschrankte Selbstbestim-
532 2243 2804 2348 mungsrecht. Einen Klassengegensatz giebt es nicht mehr, es
529 2333 2228 2430 existiren eder Herrscher noch Beherrschte,
2247 2333 2804 2428 weder Regierer
525 2420 2234 2523 noch Regierte. Die demokratische Gleichheit
2256 2421 2804 2514 in der Gleich-
524 2510 1452 2611 ordnung ist vorhanden.
332 2594 496 2690 2.
528 2592 2804 2701 Alle ichtige industrielle, gewerbliche und ackerbauliche Tha-
523 2679 2804 2790 tigkeit ist in die Grossproduktion ubergegangen und concentrirt,
524 2775 2804 2881 die Distribution ebenfalls. Alle Thatigkeit ird gesellschaftlieh
523 2863 2140 2967 auf fortschreitender Stufenleiter ausgeubt.
331 2946 496 3043 3.
526 2947 2804 3054 Die Gegensatze unter den einzelnen Berufsarten in Gewerbe,
526 3040 2804 3142 Verlehr und Industrie sind durch die Berufserleichterung und
524 3127 2804 3233 die Möglichkeit, von dem einen in das andere, sei es zeitweilig
526 3217 2804 3322 oder dauernd, uberzugehen, ausgeglichen. Dasselbe ist zwischen
524 3304 2804 3411 den genannten Beschaftigungen und dem Ackerbau der Fall.
524 3392 680 3486 Der
693 3394 2804 3500 heutige Gegensatz zwischen Land- und Stadtbevolkerung
526 3483 2804 3589 mit ihrer Interessen- und Bildungs-Verschiedenheit ist be-
527 3571 916 3679 seitigt).
299 3735 2804 3832 ) Herr Prof. Ad. Vaguer ann sich in dem schon citirten erl keine
244 3806 2804 3903 Vorstellung machen, as erden soll, enn der leine Bauernstand verschindet.
244 3886 2804 3973 Er sagt ortlich S. 643 .Das private leine landliche Grundeigeuthum bildet
244 3958 2804 4044 eine durch eine andere Einrichtung zu ersetzende okonomische Basis fur einen
244 4028 2804 4115 hochichtigen Theil der Bevolkerug, einen unabhangigeu, selbststandigen
244 4100 2804 4186 Bauernstand und dessen eigenthumliche sozialpolitische Stellung und Funktion.''
244 4169 2804 4256 Venn der genaunte Autor icht aus blosser conservativer Neigung à tout prix
244 4239 2804 4325 fur desen leinen Bauernstand schwarmt, ird er ugeben mussen. dass nach
244 4310 2804 4398 einer bisherigen Darlegung derselbe sich weder 1 der beneidenserthen Lage
244 4381 2804 4467 befindet, die er glaubt voraussetzen zu kounen, noch dass er fur die Zuluntt
244 4451 2804 4532 1n seiner jetzigen Stelluug ein nutzliches Culturelement ildet. Der kleine
