3068 4660
1460 114 1868 192 180 —
263 279 381 371 die
401 272 1949 378 Menschheit eingeschlagen werden konnen.
1994 272 2444 369 Sinken wir
2466 274 2818 371 1m Laufe
263 363 2818 469 des Kampfes, so treten unsere Nachkommen und die uns Nachstre-
263 452 2818 555 benden für uns ein; wir sinken in dem Bewusstsein, unsere Sehuldig-
263 541 2818 643 keit als Menschen gethan zu haben, und dass das Ziel erreicht wird,
263 630 2818 725 wie immer die dem Fortschritt der Menschheit feindlichen Mächte
263 718 1434 826 sich dagegen strauben mogen.
755 4427 2385 4505 Sehwezerische Vereinsuehdrneerei. ottingen- urieh.
