1700 2687
275 394 350 421 Vom
370 395 494 431 Gerippe’
513 396 563 422 der
580 395 771 433 Säugethiere,
914 402 961 435 25

96 472 176 500 tern
205 482 280 503 von
311 466 578 518 Säugethieren
610 485 688 508 von
716 474 962 515 auffallender

95 530 437 570 Verschiedenheit.
490 541 567 582 Bey
599 539 725 575 vielen
742 537 840 589 Feris
866 549 959 580 z.B.

94 593 142 628 ist
178 610 216 631 er‘
255 600 374 638 klein;
417 612 458 634 so
500 605 594 638 auch
627 605 735 650 beym
768 608 959 643 Wallrofs.

94 659 292 708 Hingegen
319 663 390 707 bey
415 665 488 699 den
515 669 666 714 gliribus
693 672 803 706 theils.
838 675 961 707 mäch-

93 722 148 769 tig
182 724 306 771 grofs;
327 722 342 775 -
360 741 401 762 so
438 731 549 775 beym_
589 734 722 776 Biber,
775 739 961 772 Murmel-

92 786 210 827 thier;
238 792 334 824 auch
361 793 470 837 beym
486 795 670 842 Nilpferd,
698 798 793 842 beym
818 803 962 836 Tümm-

91 848 162 892 ler;
200 855 396 889 ‚Caschelot
441 870 477 891 ‘u.
506 871 535 893 a.
570 872 712 894 m...
768 863 840 898 Die
874 866 960 901 selt-

90 924 226 951 samstie
256 921 366 954 Form
401 922 524 957 haben
557 924 618 958 die
653 926 785 962 beiden
822 930 960 966 haken-

87 977 230 1028 förmig
257 986 453 1033 gebognen
483 988 600 1024 durch
625 992 707 1026 eine
734 993 850 1028 breite
867 998 961 1040 Syn-

88 1044 301 1083 chondrose
328 1061 402 1083 von
440 1052 618 1086 einander
642 1065 869 1101 getrennten
898 1065 959 1095 In-

88 1109 321 1145 termaxillar
342 1131 344 1137 -
357 1115 541 1151 Knochen:
566 1118 628 1152 des
643 1119 956 1158 Schnabelthiers.

87 1173 128 1216 (8.
156 1175 228 1210 tab.
252 1179 279 1211 L.
308 1192 340 1212 m.
360 1180 411 1224 0.)
438 1181 479 1226 *).

548 1251 577 1283 B
603 1261 622 1292 5
848 1260 877 1299 $.
900 1266 955 1298 15.

200 1365 264 1394 gen
284 1357 408 1388 Stellen
425 1360 635 1393 aufınerksam
660 1366 785 1401 macht,
812 1369 896 1398 *obi
916 1382 957 1401 ex

201 1414 368 1443 simlarum
399 1417 591 1449 dissectione
612 1422 763 1460 deceptus
781 1421 954 1469 GALENUS,

200 1479 222 1497 a
243 1481 320 1499 vera.
349 1473 489 1503 hominis
522 1480 761 1509 constructione
779 1492 817 1509 ac
839 1483 956 1513 _sceleto

197 1524 340 1556 deuiat,”
362 1537 387 1559 Ss,
407 1539 478 1569 pag.
497 1541 564 1562 120.
586 1544 640 1571 125
665 1546 697 1567 u.
716 1535 740 1567 f,

146 1595 179 1635 *)
204 1597 255 1626 Ich
286 1597 360 1628 darf
383 1599 471 1629 nicht
505 1602 583 1632 alles
611 1604 679 1635 hier
716 1609 953 1646 wiederholen,

199 1666 264 1684 was
299 1667 369 1685 vom
395 1659 646 1691 Intermaxillar-
675 1663 816 1696 Knochen
840 1669 871 1696 in
898 1669 953 1697 der

201 1720 276 1750 3zten
296 1713 394 1755 Ausg,
425 1717 463 1745 ‘de.
493 1729 599 1757 genter,
625 1721 709 1754 hum,
736 1726 851 1756 variet.
883 1714 952 1766 pag.

199 1780 238 1807 34
264 1773 311 1802 bis
336 1784 372 1809 41
393 1783 501 1814 gesägt
520 1778 578 1814 ist,
602 1790 652 1809 wo
668 1781 718 1809 ich
738 1783 820 1811 auch
845 1784 952 1823 einige

197 1827 289 1856 Affen:
326 1830 391 1858 und
412 1827 427 1871 .
434 1832 639 1866 Meerkatzen
672 1838 863 1877 angeführt,
911 1851 953 1870 an

198 1883 298 1913 deren
331 1886 510 1924 Schedeln,
560 1893 774 1933 Ohngeachtet,
805 1897 852 1925 sie.
887 1908 950 1926 von

193 1941 316 1980 jungen
337 1943 508 1982 Subjecten,
546 1959 654 1985 waren,
672 1951 734 1980 sich
757 1951 838 1980 doch
858 1954 951 1983 keine

193 1996 278 2036 Spur
305 2000 410 2032 dieses
429 2003 607 2037 Knochens
625 2010 791 2037 erkennen
808 2010 886 2039 ließ,
909 2027 950 2033 —

875 2069 947 2096 Man
