1189 1928
106 188 631 289 CLARI
675 188 949 286 SSI

37 300 248 351 MO
281 301 387 350 AC
424 298 925 363 PRVDENTIS⸗

36 367 248 427 ſimo
274 369 450 415 Senatui
477 371 652 414 ciuitatis
676 364 921 423 Noriber-

159 434 225 495 ge
318 433 445 477 Dominis
458 428 538 477 ſuis
549 427 875 483 colendiſsimis,

299 493 517 542 Sebaldus
552 490 744 555 Heyden

395 555 656 616 8

127 670 610 725 Voties
638 674 687 713 de
702 671 928 716 noſtrarum

267 724 276 785 Z
468 723 696 768 cholarum
735 726 929 780 diſciplina

287 779 358 822 M
473 786 616 834 cogito,
640 781 731 822 Viri
755 779 930 822 Clariſsi⸗

376 851 428 887 im
561 833 736 874 nonnihil
754 834 934 875 admirari

389 887 392 938 E
468 886 648 938 ſoleo,
591 884 643 942 cur
658 887 765 942 ſtudij
777 884 946 938 literarij

419 939 551 991 loca
562 943 654 982 olim
667 941 816 983 Græcis
830 942 879 982 ab
889 955 949 982 o-

95 1027 106 1037 1
283 993 447 1016 tio,
544 994 696 1043 Scholæ:
712 995 851 1036 Latinis
864 1001 937 1036 ue

115 1065 160 1095 ro
171 1050 273 1092 Ludi
285 1048 388 1089 dicta
398 1045 481 1101 ſint.
511 1048 583 1101 Nam
609 1060 691 1088 non
699 1049 814 1089 auſim
824 1054 937 1097 puta⸗

117 1120 150 1148 re
162 1106 251 1148 illos
263 1106 399 1143 artium
417 1105 684 1156 ingenuarum.
698 1116 739 1143 ac
759 1101 937 1142 Philoſo⸗

116 1162 217 1215 phiæ
233 1155 363 1206 ſtudia,
379 1160 429 1198 ita
441 1156 529 1197 uilia
542 1171 582 1197 ac
594 1158 689 1199 leuia
701 1154 883 1206 habuiſſe,
896 1166 939 1197 ut

118 1217 226 1255 ea
172 1210 210 1265 nõ
238 1210 304 1253 niſi
316 1224 382 1263 per
393 1211 573 1260 otium,
540 1210 562 1265 &
583 1213 687 1265 tanć
705 1224 763 1257 res
773 1211 938 1254 ludicras

119 1267 301 1308 ſectanda
314 1265 385 1306 eſſe
403 1263 603 1318 cenſerent.
621 1263 807 1318 Pręſertim
819 1276 942 1316 quum

122 1323 176 1363 ob
178 1319 211 1371 ea
215 1319 318 1371 ipſa
331 1319 464 1371 ſtudia,
483 1330 621 1359 cæteras
633 1330 771 1358 omnes
785 1328 939 1371 gentes,

119 1376 185 1417 bar
195 1370 291 1426 baras
312 1385 377 1426 prę
388 1372 421 1412 ſe
434 1382 623 1421 uocarent,
638 1384 680 1411 ac
691 1370 794 1424 tanq;
804 1373 947 1415 omnis

120 1430 367 1468 humanitatis
384 1435 558 1476 expertes
582 1423 833 1477 deſpicerent.
857 1424 947 1464 Cu⸗

128 1485 190 1526 ius
209 1479 383 1524 elationis
415 1477 539 1527 cauſas
564 1489 664 1520 certe
680 1490 774 1524 non
790 1475 942 1530 otioſas,

203 1536 319 1562 5
555 1530 599 1572 A
654 1541 678 1571 2
815 1529 945 1574 mul
901 1529 945 1574 to
