1207 1928
86 259 239 316 MIA
313 270 902 345 SCHOEASTICA,

112 337 291 398 Pietatis:
303 332 432 405 ſtuclij
441 340 621 405 literari
638 350 685 392 ac
694 362 888 402 morum

84 394 362 453 Honeſtatis
372 416 585 470 præcepta
610 416 886 475 continens.

466 477 503 541 J.
880 537 882 539 i

230 543 484 602 Aiſquis
494 564 555 594 res
577 543 748 607 humanas,
770 543 840 607 ſiue
848 569 903 610 pu

264 598 443 654 blicas
463 604 539 646 ſiue
564 611 747 660 priuatas,
757 606 900 654 fœlices

299 669 439 673 uolet,
456 655 520 716 eum
542 673 629 700 ante
637 668 770 705 omnia
776 670 902 716 pueri⸗

271 710 387 762 tie
397 708 503 752 ſuam
524 711 759 766 diſciplinam
784 732 827 760 ac
837 722 902 760 in⸗

78 791 113 813 E
322 759 553 816 titutionem
564 767 681 824 quàm
694 772 903 833 rectiſsime

82 812 306 860 conſtituere
316 818 482 876 oportet.
728 890 731 891 g

34 875 120 932 2.
162 875 290 937 Docet
316 891 420 928 enim
439 893 686 946 experientia,
713 895 826 939 Nihil
846 898 903 940 ibi

31 930 254 979 fleœlicirer
262 936 342 978 fieri
352 943 539 994 poſſe,
489 930 537 998 ubi
548 950 650 991 nulla
657 956 828 1003 pueritiæ
839 955 901 995 di⸗

32 988 50 1059 5
80 984 256 1049 ſciplina:
277 984 404 1049 nullum
429 999 641 1045 honeſtatis
661 1003 839 1067 ſtudium:
854 1007 898 1052 &

30 1042 50 1126 ö
80 1043 201 1086 nullus
212 1050 359 1099 pietatis
370 1049 455 1094 uſus
474 1056 613 1099 exiſtit.
751 1069 753 1071 i

31 1179 35 1200 1

32 1110 149 1164 3.
163 1112 223 1156 Et
232 1119 298 1158 uix
309 1129 477 1175 unquam
485 1125 683 1182 quiſquam
692 1133 734 1173 in
740 1131 897 1187 bonum

64 1164 122 1212 Ace
129 1164 339 1228 ſapientem
351 1180 473 1221 uirum
483 1180 611 1234 euaſit,
625 1189 690 1239 qui
707 1199 789 1232 non
791 1181 808 1239 à
832 1201 893 1233 te⸗

30 1227 181 1264 Aeris
194 1231 307 1269 annis
319 1228 369 1270 ad
381 1235 526 1276 uirtutis
545 1250 588 1277 ac
597 1243 747 1291 pietatis
766 1244 894 1289 ſtudia

31 1281 145 1329 per
153 1276 320 1322 ſedulam
341 1283 571 1341 diſciplinam
593 1293 840 1344 aſſueuerat.

78 1353 130 1392 4.
190 1347 391 1394 Nimirum
412 1351 528 1408 quod,
541 1360 641 1403 uelut
654 1361 764 1412 radix
773 1371 890 1413 indo⸗

76 1393 153 1439 lem
162 1401 400 1461 ingeniumq;
410 1410 568 1458 arboris,
587 1419 638 1455 ita
653 1422 766 1461 etiam
788 1419 887 1485 bene

32 1459 267 1509 moratam
276 1473 317 1502 ac
327 1462 576 1518 compoſitam
597 1469 887 1520 adoleſeentiam

515 1518 613 1580 A5
709 1524 886 1577 kleecte
