1457 2083
104 363 338 439 Berlini
363 363 450 445 che
473 363 723 436 Monats
745 363 847 445 chri
401 474 673 537 178 4.
192 560 836 631 Zwoͤlftes Stuͤk. December.
446 738 569 781 1.
173 790 857 867 Beantwortung der Frage:
118 878 921 950 Was iſt Aufklaͤrung?
224 970 806 1026 (S. Decemb. 1783. S. 516.)
105 1075 980 1133 Uuſſ laͤrung iſt der Ausgang des Men—
104 1124 983 1177 ſchen aus ſetner ſelbſt verſchuldeten Unmuͤn⸗
104 1171 978 1225 digkeit. Unmuͤndigkeit iſt das Unvermoͤgen,
105 1218 983 1271 ſich ſetnes Verſtandes ohpne Lettung etnes anderen
104 1264 982 1318 zu bedtenern. Selbſtverſchuldet iſt dieſe Unmuͤn⸗
104 1310 986 1363 igke:t, wenn dte U:ſache derſelben nicht am Man⸗
104 1357 983 1410 gel des Vertandes, ſondern der Entſchließung und
104 1397 983 1458 bes Muthes liegt, ſich ſeiner ohne Leitnng eines
104 1443 983 1502 andern zu bedtenen. Savere aude! Habe Muth
104 1487 984 1551 dich deines eigenen Verſtandes zu bedienen! iſt al⸗
104 1543 701 1597 ſo der Wahl pruch der Aufklaͤrung.
117 1594 983 1652 Faulhett und Fetgheit ſind dte Urſachen, warum
104 1645 985 1698 ein ſo großer Theil der Menſchen, nachdem ſie die
104 1689 984 1748 Natur laͤngſt von fremder Leitung fret geſprochen
104 1736 970 1790 B. Monatsſchr. IV. B. 6. St. Hh (na—
1110 742 1145 781 t
1105 488 1142 526 t
1107 1596 1147 1627 H
1106 1679 1146 1720 t
