1457 2084
795 288 1078 339 484)
519 409 1341 468 gewiegelt worden; ſo ſchaͤdlich iſt es Vorurtheile zu
518 456 1341 512 pflanzen, weil ſie ſich zuletzt an denen ſelbſt raͤchen,
517 504 1341 559 die, oder deren Vorgaͤnger, ihre Urheber geweſen
516 549 1341 605 ſind. Daher kann ein Publikum nur langſam zur
518 595 1341 649 Aufklaͤrung gelangen. Durch eine Revolution wird
518 643 1341 696 vielleicht wohl ein Abfall von perſoͤnlichem Despo⸗
518 689 1341 745 tism und gewinnſuͤchtiger oder herrſchſuͤchtiger Be—
519 735 1341 790 druͤkkung, aber ntemals wahre Reform der Den⸗
519 782 1341 835 kungsart zu Stande kommen; ſondern neue Vor⸗
519 828 1341 881 urtheile werden, eben ſowohl als die alten, zum
520 876 1341 932 Leitbande des gedankenloſen großen Haufens
520 923 687 968 dlenen.
538 969 1341 1024 Zu dieſer Aufklaͤrung aber wird nichts erfordert
523 1018 1341 1071 als Freiheit; und zwar die unſchaͤdlichſte unter
522 1064 1341 1117 allem, was nur Freiheit heißen mag, naͤmlich die:
521 1110 1341 1166 von ſeiner Vernunft in allen Stuͤkken offentlichen
521 1157 1341 1211 Gebrauch zu machen. Nun hoͤre ich aber von al⸗
521 1203 1341 1257 len Seiten rufen: raͤſonnirt nicht! Der Offt⸗
519 1250 1341 1304 zier ſagt: raͤſonnirt nicht, ſondern exereirt! Der
519 1297 1341 1350 Finanzrath: raͤſonnirt nicht, ſondern bezahlt! Der
521 1344 1341 1397 Geiſtliche: raͤſonnirt nicht, ſondern glaubt! (Nur
522 1390 1341 1445 ein einziger Herr in der Welt ſagt: raͤſonnirt, ſo
520 1437 1341 1489 viel ihr wollt, und wotuͤber ihr wollt; aber ge⸗
520 1484 1341 1538 horcht!) Hier iſt uͤberall Einſchraͤnkung der Frei⸗
521 1530 1341 1585 heit. Welche Einſchraͤnkung aber iſt der Aufklaͤ⸗
523 1577 1341 1631 rung hinderlich? welche nicht, ſondern ihr wohl gar
523 1623 1341 1678 beſoͤrderlich? — Jch antworte: der oͤffentliche
523 1670 1341 1724 Gebrauch ſeiner Vernunft muß jederzeit frei ſein,
523 1717 1341 1772 und der allein kann Aufklaͤrung unter Menſchen zu
1177 1763 1341 1813 Stan⸗
