1553 2607
264 117 1309 200 4 Herrnhuterey in ihrer Schalkheit.
264 205 1416 300 deſen Verfahren in Penſilvanien, Beweisgrunde
264 283 1416 362 des reutzreichs / in ſeiner Uſchuld / zu neh⸗
266 343 1419 421 men, dienlich findet. Das iſt die eſtelrſache meines
267 409 1415 491 jetzigen Vorhabens. Die andere beſtehet darin—
266 470 1414 546 nen, daß verſchiedenes von den Penſylvaniſchen
269 532 1418 614 Haͤndeln und zwar ſelbſt von deren Urhebern, in
269 596 1441 680 den () Druck gegeben iſt. Da nun Zinzen⸗
1243 661 1442 741 dorf
1455 216 1553 308 i
1455 287 1553 369 hiie
1507 351 1553 422 h
1477 415 1553 499 pihi
1474 477 1553 560 nl
1475 542 1553 620 i
1474 607 1553 696 ſſut
325 772 1489 870 mittheilet, welche er vor dem Gouverneur in
329 847 1553 937 Penſylvanien gehalten haben will, f. zi
354 916 1553 990 168. 2c. ꝛc. fih
343 978 1448 1058 *) Der Titel dieſer Schrift heiſet: autbenti-
1478 978 1553 1053 uh
354 1047 1450 1128 ſche Relation von dem Anlaß / ortgang /
1503 1054 1553 1121 gt
401 1109 1479 1189 und Schluſſe der am 1. und 2. Januar.
405 1172 1553 1259 1742. in German own gehaltenen Ver⸗ —
405 1236 1480 1313 ſamlung ꝛc. ꝛc. Philadelphia / gedruckt
406 1271 1553 1377 und zu haben bey B. raͤncklin Unter eben h
412 1360 1553 1436 dieſem Titel iſt die Nachricht von der du
415 1415 1553 1504 zweyten Verſamlung / in demſelben Jahr ſſ
415 1488 1458 1562 ans Licht getreten, und ſo auch die uͤbrige.
415 1549 1452 1624 Auſer daß dieſe Verſamlung eine General⸗
415 1613 1451 1688 Verſamlung auf dem vierten Titelblat ge⸗
1485 1624 1553 1686 in
415 1675 1451 1753 nennet wird, und auf dem Fuͤnften ſchlech⸗
1486 1677 1553 1755 u
413 1739 1493 1817 terdings, eine Verſamlung der Gemeine
413 1801 1488 1876 GOttes im Geiſt. Die ſiebende Verſam⸗
413 1864 1433 1943 lung aber, heiſet ein General⸗Synodus
414 1926 1433 2005 der Gemeine Gttes im Geiſt. Alles
419 1988 1428 2065 zuſammen beſtehet aus 120. Seiten in 4te.
462 2051 1424 2128 Jch ſehe zwar aus einigen anderswo
423 2113 1428 2198 angefuͤhrten Stellen, daß der Zeitungs⸗
1162 2179 1428 2254 Schrei⸗
1479 2065 1553 2126 jnl
1504 2057 1553 2077 .
1481 2135 1553 2190 n
