1280 2106
236 34 288 115 16
444 35 671 115 Politiſche
692 35 1026 115 Unterweiſungen

242 132 339 205 alles
359 132 441 205 Gute
454 132 515 205 ein
535 143 569 189 In
579 141 716 198 tereſſe
724 141 784 194 fotmire
886 143 904 201 /
919 132 1021 205 müſſe
1041 132 1102 205 man
1090 132 1227 202 noth⸗

243 200 459 261 wendig
395 196 455 268 des
486 209 592 264 Incere
594 153 792 268 haben
810 153 911 268 ewas
918 200 1126 261 thun
1006 191 1025 265 /
1043 200 1124 261 wenn
1137 209 1225 245 mau

245 253 468 317 nothwendig
491 250 600 320 Gutes
620 251 700 318 thun
721 250 835 320 muͤſſez
857 250 973 320 dahero
993 250 1055 320 das
1079 250 1226 320 Sprich⸗

194 326 259 361 7
400 307 1065 372 ommen;
597 307 747 372 Nichts
766 307 903 372 wieder
922 307 1077 372 nichts.
1079 314 1224 359 Do,
1182 307 1224 372 ut

188 370 330 418 des;
368 377 473 412 facio,
484 373 528 405 ut
545 363 756 422 facias

258 433 308 474 ,
322 432 515 483 eee,
562 426 755 484 Das
703 424 727 486 u
784 433 948 447 Capitet
994 424 1166 485 wenn.

249 472 395 544 Von
413 472 515 544 fünſſ
533 472 677 544 Mayſoꝛen
689 491 707 530 /
722 431 1056 542 e
1066 485 1221 541 de

257 595 416 652 m
448 591 607 644 eEingange
613 589 721 652 dieſes
739 589 895 652 Capituls
948 596 1007 644 ſaget
1038 601 1078 635 der
1123 600 1229 640 Autan,

255 622 368 715 wie
452 622 512 715 die
528 622 706 715 Polieſche
722 622 1085 715 Kuugheicnichtaleim
1101 622 1135 715 in
1139 646 1227 698 eim

345 700 359 757 Wapdeſchtung
543 700 604 763 dee
637 700 758 763 Staate
776 700 954 758 eſondem
963 700 1051 760 auch
1058 700 1085 763 im
1096 702 1226 763 deſſn

239 758 453 811 Erhaltung
457 752 962 811 beſtuͤnde.
709 752 941 811 Dannenhero
969 759 1010 801 er
1019 765 1097 812 von
1107 757 1234 817 dieſen

241 811 363 875 allhier
385 811 527 875 handeln
545 825 563 857 /
582 811 644 875 von
662 811 792 875 deſſen
793 811 1228 875 Wachsthum
1069 811 1169 875 aber
1192 811 1228 875 in

241 869 423 924 folgendes
444 861 568 924 Capitul
592 861 681 924 ſeine
698 861 853 924 Lehrſaͤge
870 861 1048 924 verſpaben
1065 861 1184 924 wollen
1207 878 1228 923 /

250 962 257 970 .
277 917 631 1030 eker,
768 917 839 988 den
864 917 1025 988 Mapimen
1037 917 1198 988 ſchreitet

244 980 298 1024 die
306 990 348 1041 zu
366 978 565 1032 Erhaltung
573 972 627 1044 des
653 972 787 1044 Staats
806 972 930 1044 gehbren
966 992 981 1023 /
997 979 1085 1044 ſetzet
1095 990 1130 1023 er
1144 982 1225 1034 erſt⸗

244 1033 305 1097 lich
323 1033 369 1097 dio
387 1033 427 1097 g.
418 1034 889 1097 Veranlaſſumgenavie
843 1033 901 1097 ein
920 1033 1011 1097 Stag
1042 1033 1145 1097 konne
1164 1041 1226 1083 un⸗

241 1088 422 1153 tergehen:
449 1088 600 1153 entwede
618 1088 637 1153 /
649 1088 756 1153 durch
774 1093 824 1139 die
855 1088 1056 1153 Verachtung
1074 1102 1091 1144 /
1112 1091 1235 1153 welche

241 1143 297 1211 die
304 1143 1151 1211 Unterthanen
566 1143 665 1211 gegen
684 1143 764 1211 ihre
783 1143 1001 1211 Oberherren
1007 1143 1153 1211 tragen;
1173 1159 1231 1191 in⸗

241 1198 299 1259 dem
324 1198 379 1259 ſie
397 1198 519 1259 ſelbige
539 1208 576 1250 zu
594 1198 657 1259 der
681 1198 866 1259 Regierung
884 1198 1068 1259 untuͤchtig
1088 1204 1226 1252 halten:

242 1251 332 1314 Oder
364 1251 478 1314 durch
501 1254 570 1296 den
585 1251 699 1304 Haß
676 1251 694 1314 /
713 1255 760 1297 die
778 1253 820 1308 ſie
827 1253 942 1308 wider
951 1254 1076 1310 ſelbige
1095 1257 1204 1313 hegen
1212 1268 1236 1303 /

243 1306 425 1370 wann
358 1304 414 1376 ſie
435 1304 638 1376 laſterhafft
659 1304 782 1376 ſeynd:
814 1309 926 1361 Oder
938 1313 1053 1366 durch
1072 1304 1135 1376 den
1156 1312 1228 1363 Un⸗

244 1359 452 1426 gehorſam
437 1359 458 1430 /
465 1363 633 1427 wann
575 1359 629 1430 ſie
635 1362 783 1430 ſpůren
786 1404 790 1409 /
812 1366 866 1418 daß
870 1365 1022 1426 ſelbige
1035 1363 1235 1424 ohnmaͤch⸗

245 1426 298 1470 tig
322 1417 382 1467 und
396 1414 479 1477 ohne
489 1418 1080 1477 Autorität
713 1414 842 1477 ſeynd:
862 1414 950 1477 Oder
970 1414 1072 1477 durch
1091 1424 1144 1467 die
1172 1421 1235 1469 Un⸗

245 1471 426 1570 A
453 1471 551 1537 wann
573 1471 755 1537 entweder
777 1471 840 1537 die
862 1471 993 1537 Großen
1011 1480 1075 1522 des
1087 1477 1231 1530 Reichs

281 1543 302 1571 E

350 1529 456 1589 ionen
466 1529 630 1596 machen
619 1526 632 1596 /
637 1531 720 1587 oder
742 1532 800 1579 das
827 1526 931 1596 Volck
944 1526 1042 1596 einen
1040 1526 1233 1585 Aufſtand

200 1584 356 1632 wider
365 1581 458 1646 ihren
475 1581 627 1646 Fuͤrſten
646 1586 706 1642 und
711 1581 1100 1646 Obrigkeit
938 1581 1109 1646 erhebet:
1117 1586 1238 1635 Oder.

239 1633 326 1703 wenn
352 1633 495 1703 endlich
514 1641 575 1688 ein
599 1633 710 1703 Staat
710 1633 997 1703 verwegentlich
1015 1642 1110 1687 einen
1132 1643 1236 1697 Krieg

240 1693 392 1749 anhebet
401 1705 418 1746 /
430 1693 592 1758 dadurch
611 1704 632 1754 er
640 1699 746 1754 unter
751 1700 808 1742 die
838 1693 956 1758 Gewalt
978 1696 1082 1752 ſeines
1097 1696 1236 1756 ſiegen⸗

412 1812 424 1859 dieſe
501 1810 578 1860 fünf
600 1808 1063 1862 Verankaſſungen
910 1808 954 1862 zu
970 1808 1063 1862 einen
1128 1815 1231 1855 Staats

607 1854 770 1925 zudeſſen
798 1854 1023 1925 Vermeidung
1053 1854 1143 1925 funf
1134 1863 1243 1925 Ma⸗

256 1932 417 1963 N
1107 1929 1241 1972 yimen
