1280 2085
281 44 307 95 2
468 52 729 114 Politische
743 54 1201 129 Unterweiſung

270 126 427 217 ande
431 127 645 221 werden
673 126 735 226 and
771 139 821 210 ie
870 140 945 223 min
981 126 1019 226 le
1031 138 1242 226 geb

274 206 632 288 Inſtructions
661 213 941 290 politiques
995 218 1137 293 pour
1167 239 1237 288 un

29 283 89 344 .
267 283 675 363 Gentihommèe;
724 289 1027 366 Politiſche
1044 294 1237 368 Unter⸗

275 437 354 500 die
373 433 550 518 Kunſt
570 439 662 514 bey
716 433 844 534 Hofe
879 433 987 534 wohl
1022 445 1232 534 fortzu⸗

0 491 20 565 N
274 508 528 588 kommen:
567 518 659 583 Die
675 523 848 586 Lehrſäte
887 494 1059 594 darinnen
1084 494 1198 594 zeigen
1223 546 1241 587 /

263 589 336 642 duß
357 585 427 661 der
440 589 590 646 Autor
605 590 645 634 in
662 592 730 640 den
749 588 900 657 Cireuln
917 602 982 643 des
997 585 1115 710 5
1126 596 1226 657 nicht

270 648 528 705 unerfahren
506 648 526 718 /
551 651 698 701 ſondern
716 651 852 709 selbige
864 657 960 709 wohl
978 664 1225 718 durchgegan⸗

267 719 367 769 gen
350 710 371 783 /
396 714 486 771 auch
500 712 571 765 daß
587 724 627 758 er
647 714 713 777 die
735 710 887 783 Warheit
917 720 1019 774 nicht
1039 725 1230 783 verhalte;

257 774 299 818 es
314 767 428 819 ware
438 773 642 836 dann
539 767 559 837 /
578 767 637 837 daß
657 775 695 816 er
704 775 874 830 zuweilen
877 767 942 837 ſich
961 767 1014 837 die
1057 832 1089 837 nat

253 830 489 890 Zuneigung
512 840 596 878 und
606 834 863 888 angekohrnen
888 830 1008 895 Affekt
1022 837 1188 907 gegen
1275 853 1280 905 ſe⸗

251 904 333 950 nen
352 893 478 964 Koͤnig
497 907 537 954 zu
557 893 706 964 kleinen
727 893 1070 964 Ausſchweifſungen
1149 905 1269 953 verlei⸗

192 990 193 996 ten
248 947 448 1011 lieſſe;
479 966 533 1017 f
649 956 691 1069 c
792 958 924 1022 e
942 958 1071 1021 5
1112 905 1219 1024 —

56 1030 85 1080 1
244 1013 361 1085 kan
338 1013 362 1092 /
388 1018 510 1085 indem
535 1014 642 1076 ohne
672 1017 685 1082 diß
741 1014 1213 1092 gewohnlich
990 1013 1006 1092 /
1021 1013 1090 1092 daß
1112 1013 1213 1092 jeder

0 1101 81 1114 .
246 1074 397 1128 Autor
411 1079 618 1144 desjenigen
663 1077 1144 1147 Potenkaten
883 1074 904 1151 /
923 1077 1086 1147 worunter
1106 1074 1147 1151 er
1144 1101 1211 1152 ge⸗

201 1137 458 1200 bohren,
477 1134 581 1217 leine
605 1143 781 1146 Acliones
804 1137 875 1200 als
894 1139 949 1201 die
950 1136 1202 1217 gllerbeſten

242 1202 365 1263 aus
382 1194 784 1265 eingepflantter
805 1254 809 1260 E
838 1205 1145 1277 rerbietin;

352 1402 354 1405 5
397 1402 402 1406 5
805 1391 896 1409 n

466 1510 490 1519 *
556 1506 598 1512 2
644 1515 687 1526 17
758 1502 834 1525 8

232 1512 237 1519 .
631 1523 727 1541 11
788 1517 872 1539 RK
916 1532 925 1541 7
1029 1517 1113 1539 1

243 1535 254 1556 1
675 1523 742 1553 1
770 1530 828 1557 .
881 1525 893 1552 7
938 1537 1114 1565 ee

376 1573 471 1592 Nene
634 1581 640 1591 N
705 1588 708 1592 5

268 1589 284 1596 *
377 1584 428 1594 17
624 1595 638 1602 .
686 1585 706 1601 1e
945 1595 947 1597 5

232 1587 255 1613 10
345 1586 472 1615 Zn
666 1588 751 1616 1180
1114 1619 1137 1624 *

216 1620 217 1623 1
1037 1622 1040 1625 N

228 1687 233 1696 s
343 1680 365 1697 4
1034 1684 1103 1690 0

290 1694 300 1708 *
455 1692 464 1707 5

230 1703 274 1731 9
354 1725 359 1731 .
1016 1729 1020 1741 5
1076 1717 1186 1758 n

341 1765 380 1786 12
1012 1776 1068 1789 4117
1109 1779 1124 1789 *

344 1786 386 1801 N.
749 1790 757 1804 7
1046 1783 1183 1816 n

1024 1846 1041 1853 1

389 1881 418 1903 9
