1280 2091
385 269 434 305 1
428 236 607 362 Folie
573 274 728 362 iques
761 306 801 354 p
830 294 911 358 ur
943 257 1029 366 un

355 324 405 358 8
453 300 513 357 O

0 346 56 432 15
84 386 110 462 8
106 280 201 506 0
198 266 470 512 We
424 349 557 435 pu
558 303 731 511 e
846 351 1011 514 e

337 422 455 497 our,
452 436 487 492 4
466 415 654 560 Ape

107 543 192 559 olkt
752 501 813 565 en
823 493 939 582 vor
947 495 1034 574 ei⸗

41 554 150 647 nen
156 554 291 642 Edel
270 557 466 630 mann
494 475 634 627 19
602 496 932 648 ne
800 572 889 636 bey
881 568 1016 646 Hofe

142 619 334 714 wohl.
330 631 403 693 an
403 621 504 700 und
511 629 919 718 fortzukommen.
971 696 999 714 0

79 746 98 762 .
102 702 223 777 85
228 748 237 757 5
287 691 434 768 Pariß
449 695 461 752 /
488 710 529 752 im
552 700 632 770 Jahr
655 704 749 778 165.
771 760 780 764 1

107 759 427 836 Jeſes
433 774 623 842 Buch
564 769 625 842 iſt
641 773 796 842 bereits
805 793 877 835 vor
882 754 1035 842 einigen

45 872 87 902 8
61 751 277 950 99
311 830 481 902 Jahren
495 839 637 895 unter
638 841 710 895 den
734 845 883 908 Titul:
902 846 1038 904 Art

78 877 296 1038 .
304 909 391 970 de
394 918 628 995 regner:
637 925 725 968 oder
748 923 824 981 die
839 918 1043 1000 Regie⸗

180 988 302 1035 2
311 1002 434 1235 5
414 988 522 1244 1
674 993 1040 1126 K

282 1067 335 1136 er
395 1076 407 1108 U
546 1078 566 1110 r
647 1057 715 1114 hunm
716 1072 807 1122 ehro
826 1080 900 1116 von
921 1082 1044 1118 neuen

53 1025 237 1195 00
192 1051 304 1241 10
580 1077 719 1205 cel
743 1128 806 1197 1
799 1126 956 1244 e
960 1129 1041 1240 0

550 1188 688 1311 77
679 1188 720 1314 f
913 1199 1013 1239 imha

147 1264 162 1305 t
175 1259 200 1303 a
730 1258 732 1262 5
897 1257 1046 1301 entaten

28 1345 32 1355 n
58 1199 268 1374 e
158 1241 405 1376 „
398 1239 522 1366 0
458 1222 508 1294 f
627 1229 728 1371 e
739 1324 815 1361 nur
829 1316 940 1364 deren
948 1313 1044 1360 Ma-

59 1372 187 1458 ximen
209 1387 265 1438 in
278 1317 615 1448 Einrichtung
638 1383 696 1437 /n
716 1369 1051 1450 Erhaltung
1015 1365 1051 1456 /

68 1459 204 1528 und
169 1445 218 1528 in
219 1445 588 1528 Befoͤrderung
609 1463 675 1520 des
690 1455 975 1516 Wachschums
990 1461 1047 1517 ih⸗

58 1536 136 1599 res
144 1533 304 1599 Staats
320 1540 516 1591 voran
488 1523 512 1599 /
528 1540 606 1588 und
620 1549 706 1598 zum
718 1523 1050 1599 Fundament

76 1603 286 1669 derjenigen
305 1605 608 1668 Reflexionen
632 1604 723 1658 ſetzet
760 1612 765 1653 /
803 1603 936 1655 welche
961 1617 1048 1665 zum

77 1667 295 1735 Gebrauch
301 1658 378 1717 des
383 1670 527 1732 Adels
510 1661 529 1735 /
557 1672 637 1714 und
656 1667 748 1712 aller
764 1665 975 1725 derjenigen
989 1670 1053 1716 be⸗

72 1733 226 1794 avemet
236 1723 264 1794 ſe
271 1737 371 1784 vnd
358 1723 379 1794 /
401 1730 435 1785 ſo
445 1742 509 1779 am
509 1723 618 1783 Hofe
626 1728 687 1779 ihr
697 1725 830 1778 Gluck
845 1740 890 1790 zu
899 1734 1055 1786 machen

29 1841 33 1845 5
30 1804 158 1888 und
176 1807 218 1854 zu
234 1787 420 1851 beſeſtigen
434 1789 661 1853 gedencken
640 1787 660 1858 /
694 1792 732 1842 ſo
744 1792 781 1850 iſt
791 1797 853 1842 der
869 1787 982 1846 Titul
990 1805 1053 1848 ge⸗

80 1859 310 1918 Januar.
321 1854 435 1923 1696.
918 1853 1056 1907 andert

1250 321 1256 328 4
1252 216 1256 221 2
1265 130 1267 134 g
1254 6 1268 73 8

1260 144 1280 514 r
