1240 1948
487 186 509 224 n
532 190 629 231 Sbeil.
650 186 753 230 Sapıı.
757 190 832 229 Bon
844 189 1014 232 Sefvenfett

484 240 550 289 MS
565 237 819 285 Griechenland
835 252 882 301 311
897 235 967 294 erft
991 235 1139 298 betrift/

194 249 227 287 $
252 256 276 280 7.

141 289 291 346 riechen
480 294 515 343 fo
524 300 583 335 fan
591 294 723 344 hiervon
732 253 854 346 geilen
857 302 981 337 erden
991 304 1069 337 /was
1084 304 1138 338 der

144 334 241 369 Land,
485 344 619 381 Author
632 352 685 385 der
699 347 1016 392 Wunderbarlichen
1031 351 1140 395 Hifkos

143 376 194 448 Un
216 376 307 456 a0
321 399 391 434 rien
405 385 471 433 von
484 390 680 442 SGefvenffen‘
713 403 760 434 im
779 399 877 442 erften
886 396 1044 444 Theilam
1079 402 1137 436 26,

144 457 191 489 ten
203 462 271 492 von.
321 443 434 492 DBlach
449 446 476 483 b.
489 444 586 491 fagert,
637 443 724 490 Auff
732 449 802 484 dem
816 446 931 492 Berge
943 445 1111 482 Parnaflo
1104 458 1138 480 in

145 499 200 530 den
208 493 307 533 Wald
328 495 434 529 Boetia
456 495 593 544 „welcher
609 499 672 534 dem
692 493 841 544 Apollini
861 493 1053 535 conflecriret
1068 501 1138 536 und

147 538 280 578 Sefpelz
319 547 499 591 zugeeignet
507 546 558 589 ift/
565 549 646 584 wird
655 546 855 595 alewegeein
863 544 955 593 Yahr
963 544 1065 586 umbs
1080 557 1138 585 ans

146 579 277 654 le
277 627 310 661 e
321 597 374 632 Der
388 599 444 639 das
447 592 753 640 FeftBachanalien
761 599 835 633 oder
844 596 938 633 tollen
949 595 1139 642 Faffnachte

145 660 284 695 Parnaffo,
322 641 482 695 SCDalten/
497 649 566 682 und
574 649 699 683 werden
709 645 789 687 auch
797 654 873 688 zum
888 642 1010 690 Sffrern
1020 649 1066 683 die
1079 646 1139 680 Sa-

324 695 387 738 tyri
406 697 470 742 oder
477 692 739 747 Waldgefpenfte
759 698 793 732 in
813 693 926 742 groffer
939 694 1066 742 Anzahl
1083 699 1138 734 das

322 740 419 794 felbft
427 740 552 788 gefehen
568 749 582 780 /
614 746 683 780 ind
702 748 828 781 werden
844 746 1063 794 gemeiniglich
1078 753 1138 791 gar

322 788 492 836 fürnchme
523 789 704 830 Sriimmen
736 787 874 838 gehören.
930 791 984 832 Es
1006 795 1043 838 if
1055 794 1137 837 auch

145 845 292 878 Macrob,
291 838 303 894 ©
320 838 472 886 offtmals
481 843 531 879 ein
540 838 655 888 Klang
663 849 734 880 von
743 841 894 882 Cimbeln
910 840 1036 890 gehörer
1056 852 1137 909 wor

145 891 257 920 Saturn,
282 898 305 918 €.
320 891 393 931 DEN.

145 934 188 963 18
436 934 451 945 F

374 953 526 1012 Unfern
541 966 619 1008 von.
652 961 713 1008 der
737 957 870 1009 Stadt
899 955 1041 1009 Lucern
1078 958 1174 1009 im

322 1013 578 1075 Schweiger
567 1009 590 1075 -
603 1015 732 1068 Land/
744 1019 781 1063 ik
809 1022 860 1056 ein
894 1016 1009 1065 ranher
1038 1014 1135 1064 hoher
1172 1007 1175 1037 |

203 1079 234 1117 S,
263 1073 293 1109 2.
323 1073 456 1122 Berg
441 1072 463 1130 /
486 1081 547 1114 den
579 1080 633 1116 die
646 1077 836 1125 Yntwohner
861 1072 1007 1130 FA
998 1072 1015 1130 =
1017 1079 1136 1112 mont

167 1123 252 1156 Mave
278 1126 307 1153 in
321 1130 395 1181 der
417 1119 604 1184 Srachberg
614 1137 739 1165 nennen
752 1130 842 1175 /auft
850 1127 960 1173 diefem
974 1128 1136 1175 Berge
1098 1122 1136 1179 ift

142 1170 156 1242 N
173 1174 270 1238 UOTE
281 1176 306 1197 “+
318 1178 368 1217 ein
376 1180 487 1226 groffer
495 1180 662 1226 fdwvarger
675 1180 1135 1230 KehenderSee/allenchalben

147 1215 247 1281 SCH
246 1248 306 1279 dem
324 1234 377 1268 Mit
392 1234 479 1270 einem
497 1230 627 1277 finffern
635 1230 743 1271 Wald
753 1231 1079 1280 umbzogen/welchen
1087 1237 1135 1274 die

147 1286 287 1327 Sracken,
320 1277 406 1319 eure
463 1280 907 1329 Wilatus-Seehennen/und
924 1283 1134 1330 bleibetdiefer
1165 1302 1168 1306 -

148 1329 227 1401 ne
239 1329 287 1369 beh
320 1335 500 1382 Seeallzeit
519 1337 625 1380 gleiche
643 1338 712 1382 groß
739 1336 787 1384 har
803 1338 904 1376 feinen
927 1329 1047 1388 Einfluß
1059 1342 1135 1377 oder

147 1370 287 1450 Schwteu
268 1375 306 1400 IM
330 1384 469 1431 Auf
495 1383 594 1423 nimbe
605 1385 833 1429 nichts
726 1371 755 1437 au
763 1385 833 1429 oder
846 1388 906 1425 ab
899 1371 912 1437 /
933 1392 1001 1425 und
1011 1386 1133 1433 harein

146 1450 194 1489 ker
215 1432 304 1483 Rand,
318 1432 661 1481 gräulichesAnfehen.
666 1434 845 1482 Und
755 1432 789 1487 if
805 1432 855 1487 die
871 1435 970 1482 Sage/
990 1432 1134 1487 nachdem

147 1489 285 1527 Pilatus,
319 1484 439 1529 fidyder
469 1485 656 1529 ungerechte
684 1486 804 1534 Richter
818 1486 974 1534 Pontius
989 1488 1133 1533 Pilatus

146 1529 225 1562 See,
261 1529 280 1579 |
318 1532 404 1577 feloft
430 1529 598 1575 ümbrache
622 1540 635 1572 /
684 1535 812 1572 Harman
825 1529 939 1579 feinen‘
955 1533 1018 1573 &ib
1033 1538 1068 1573 in
1083 1539 1133 1575 die

142 1569 225 1640 er
221 1578 261 1641 Te
274 1610 291 1640 np,
314 1580 420 1625 Iyber
428 1581 615 1628 geworffen/
623 1581 758 1622 darüber
768 1583 826 1632 fidh
833 1587 884 1622 ein
899 1576 1009 1641 aroffes
1039 1583 1136 1632 Bnge

142 1652 193 1681 7.
200 1621 292 1693 De
294 1629 402 1685 *früm
415 1630 548 1690 erhoben
579 1639 592 1671 /
607 1634 672 1679 daß
686 1633 766 1672 man
780 1633 838 1678 Ihn
854 1635 1014 1678 lenelidhin
1034 1635 1133 1681 diefes

145 1694 221 1725 252;
274 1662 292 1693 “
325 1658 446 1756 RBafler
457 1679 580 1729 fürgen
599 1675 712 1735 müflen
728 1689 742 1724 /
752 1688 820 1723 und
847 1683 902 1731 fol
926 1683 1135 1782 EA

193 1763 255 1768 x
985 1758 988 1761 ;
1099 1745 1132 1774 er
