1199 1929
311 131 1165 207 rectè exculta pueritia producit, ac ean⸗
311 195 1166 261 dem porrò in omnes grandiores ætates
311 258 579 318 propagat.
311 310 1166 383 5. At nullam Rempublicam ahſq; bo⸗
311 369 1166 429 norum uiroum adminiſtratione feliciter
311 421 1166 495 gubernari poſſe in confeſſo eſt apud om⸗
311 490 462 537 nes.
314 541 1166 606 6. Eſt & hoc extra omnem controuer⸗
312 598 1166 665 ſiam, morum ac honeſtatis Magiſtros
314 654 1166 725 nullos: item pietatis ac uere religionis Do
314 702 1166 772 ctores nullos illinc ſperare poſſe, ubi diſ⸗
315 761 1166 830 ciplina & inſtitutio puerilis nuila fuerit.
318 856 1166 929 7. At illis nuſquam exiſtentibus, eti⸗
317 915 1166 978 am nullam inter homines honeſtatem,
315 968 1166 1035 nullum uirtutis ſtudium, deniq; nullum
317 1019 1068 1084 uerum Dei cultum eſſe neceſſe eſt.
316 1113 1166 1189 s. Eſt itaq́; prima, & maxima cura, ad
311 1175 1166 1244 puerilem ætatem recte inſtituendam, ad⸗
311 1230 1166 1293 hibenda:ut cum publicis, tum pruatis ho
311 1283 1166 1352 minum rebus, qᷓ fœliciſsime conſulatur.
318 1380 1166 1449 9. Maxime uero, ut quæ ad pietatem,
318 1438 1166 1510 & religionem pertinent, hac uia non ne⸗
871 1491 1166 1558 glaatur.
