1740 2466
120 202 393 270 Sielerenvnd
538 206 657 274 thun
661 206 1000 278 allesguts

143 270 446 340 Auchſolein
455 275 746 345 Foꝛmündt
762 291 949 351 wonen
959 283 1087 345 nicht

144 340 256 409 Bey
267 346 351 394 der
364 337 553 412 weyſen
566 346 785 411 Mutter
802 353 906 401 vnd
915 350 1088 414 ſpꝛicht

142 406 284 465 Kein
295 410 417 483 Erb
425 425 486 480 zu
491 411 777 478 Foꝛmündt
787 415 907 479 mug
920 416 1113 480 gehöꝛn

143 476 499 539 Eintruncken
528 476 724 548 Furſten
747 532 1112 535 ſolmanmèꝛrn

145 544 261 615 Ein
282 544 425 621 Koͤnig
459 544 531 621 iſt
531 548 1001 619 einſtarcker
1115 567 1313 621 gwalt

145 609 273 669 Das
287 617 495 685 Gſetz
438 609 511 688 iſt
507 617 607 669 wie
617 618 694 671 ein
707 617 1011 688 Spinnweb
1025 620 1204 675 alt

145 678 251 752 Das
242 678 859 752 nurdieſchwachenthut
873 688 1083 744 bewarn

143 754 245 811 Die
255 753 553 824 ſtarcken
563 756 693 819 diethun
708 754 945 821 hindurch
965 759 1090 823 farn

144 823 337 882 Solon
348 825 499 883 wurd
510 825 590 875 alt
600 826 690 890 bey
708 824 901 899 Achtzig
916 831 1058 892 jarn.

449 912 767 1009 Chilon
674 912 763 1011 der
786 914 902 989 drit

200 1044 240 1094 F
250 1025 443 1090 Chilon
454 1026 642 1094 ſpꝛicht
629 1025 650 1094 /
654 1029 780 1087 nicht
816 1025 1022 1094 nachrede
1062 1031 1158 1081 dem

136 1089 246 1155 Inn
272 1089 493 1159 Wirtſcha
510 1096 574 1158 fft
612 1094 692 1154 wol
703 1094 970 1159 deinzunge
979 1106 1082 1156 zem

138 1160 325 1229 Sunſt
341 1160 643 1228 wirſt
496 1160 543 1229 zu
561 1160 643 1228 letz
680 1163 872 1218 betrubt
897 1160 1045 1229 damit

132 1227 426 1293 Wertroet
401 1226 422 1298 ·
454 1232 522 1282 der
548 1228 618 1292 hat
631 1227 868 1298 weybiſch
876 1226 946 1290 ſit
1227 1283 1229 1285 —

136 1295 278 1365 Such
304 1296 414 1351 dein
450 1295 762 1365 Freundheim
789 1295 1184 1365 innkuͤmmernuß

132 1364 298 1427 Mehꝛ
308 1362 503 1425 dannin
513 1364 767 1429 gluͤckvnd
775 1362 1209 1431 berfluß

134 1430 374 1496 Schlecht
386 1431 633 1501 demütige
649 1429 1131 1506 Hochtzeytmach

131 1502 268 1559 Dem
281 1499 447 1561 todten
473 1498 692 1570 vednicht
700 1498 814 1551 vbel
832 1500 1048 1570 nach

130 1566 255 1639 Dein
281 1579 417 1635 zoꝛen
443 1566 606 1639 dempff
632 1572 646 1634 /
679 1569 761 1619 das
763 1566 987 1634 alter
1111 1610 1127 1616 eht

130 1632 325 1707 Vnmuͤg
352 1635 559 1704 lichding
569 1648 668 1700 gar
685 1633 809 1692 nicht
824 1634 1094 1707 begehe

125 1701 246 1758 Des
263 1703 706 1769 vngluͤckhaffting
722 1698 1060 1769 ſpottenicht

127 1772 243 1827 Ein
253 1773 389 1838 Herr
403 1782 484 1826 inn
509 1769 641 1839 demut
676 1769 757 1839 ſey
766 1769 1077 1839 verpflicht·

93 1838 253 1906 Das
264 1837 345 1912 man
372 1843 441 1898 nit
476 1838 633 1903 fuͤrcht
646 1838 816 1902 ſonder
824 1837 912 1892 lieb
923 1842 1087 1912 ſehr

125 1905 219 1967 Eh
230 1907 617 1975 ſchadens
469 1904 490 1975 /
509 1907 615 1975 dann
629 1904 748 1969 boͤß
759 1908 1031 1970 gwinnens
1040 1914 1188 1971 ger

123 1972 510 2040 Weylderſchad
522 1972 725 2028 betrübt
741 1976 931 2036 einmal
945 1982 1008 2045 jn

122 2038 257 2094 Aber
273 2049 404 2108 ewig
424 2041 609 2114 derböß
639 2048 1197 2113 gewin

86 2103 300 2188 Sechs
309 2113 410 2183 vnd
422 2109 639 2180 fuͤnfftzg
656 2108 787 2188 jerig
796 2109 937 2183 ſtarb
950 2113 1113 2184 erhin.
