1736 2362
159 1390 296 1441 Damit
312 1390 366 1433 des
371 1394 514 1447 Bapfks
521 1396 614 1447 reych
623 1396 721 1450 wird
729 1399 850 1449 acacht

160 1445 351 1498 DMuftchzs
358 1448 556 1498 angrenffen
565 1460 630 1500 gar
639 1453 702 1491 mit
709 1453 826 1501 macht

159 1497 356 1552 DBilberzen
363 1499 551 1551 ondFnccht
558 1502 684 1555 müßt
649 1497 687 1556 er
697 1505 841 1556 machen

158 1549 315 1599 Dienüg
324 1563 441 1595 waren
449 1555 489 1598 sü
497 1555 614 1607 funen
624 1557 744 1606 fachen

156 1604 229 1646 ifo
239 1603 485 1647 Cardinefond
493 1612 617 1649 andere
626 1612 716 1662 mehr

155 1655 239 1709 Der
251 1659 396 1710 alenchen
411 1660 553 1712 folgt
505 1655 554 1717 ein
562 1662 686 1714 aroffes
694 1665 767 1717 Eeer

156 1708 233 1756 Die
242 1710 369 1763 ecke
375 1721 421 1759 gang
432 1716 505 1768 roch
512 1715 758 1767 geflendet
691 1708 752 1768 war
778 1752 781 1757 .

147 1763 288 1821 ‚Ander
296 1766 388 1821 hand
401 1777 478 1818 mas
488 1768 652 1822 nicht
600 1763 657 1824 aut
660 1781 722 1824 con
731 1772 812 1824 Barı

901 1400 1041 1445 Damit
1054 1405 1106 1444 der
1113 1400 1546 1462 Bapfemocht
1369 1400 1471 1462 Frigen
1483 1400 1541 1462 gel

908 1456 1012 1505 Zenle
1020 1458 1070 1509 ch:
1078 1457 1153 1509 fenn
1162 1459 1324 1509 altcder
1292 1456 1324 1509 in
1333 1462 1383 1502 die
1391 1465 1467 1504 welt

916 1505 1047 1558 Durch
1060 1512 1321 1563 qutgeftaltond
1336 1514 1470 1566 früten
1480 1517 1599 1572 fchenn

908 1562 1057 1612 ZWelchs
1067 1564 1142 1615 fepn
1153 1562 1338 1624 fifchhame
1354 1562 1451 1624 mußte
1464 1562 1537 1624 feyn

910 1612 1074 1667 Gefleyde
1081 1626 1157 1658 war
1165 1621 1221 1658 der
1229 1619 1326 1660 o2Dden
1335 1629 1431 1671 gank
1441 1621 1537 1678 wenß

907 1667 1011 1718 Auch
1025 1677 1132 1721 petten
1142 1671 1205 1724 feh:
1215 1673 1386 1715 mitallen
1396 1673 1483 1728 feyß

907 1720 1015 1772 ro
1021 1722 1250 1775 Datrtiarchen
1259 1728 1402 1768 woltehs
1410 1729 1488 1780 fer.

913 1771 997 1825 Der
1003 1776 1082 1828 fach
1095 1776 1139 1829 fie
1146 1779 1255 1831 gaben
1264 1780 1400 1835 nürenn
1411 1782 1535 1836 fchenn.
