1820 2530
292 339 333 371 er
341 326 393 381 ſie
403 328 500 369 leret
525 322 623 373 bethẽ
640 325 653 373 /
665 312 739 381 ſagt
756 326 789 376 er
811 318 812 369 /
847 318 915 358 Wan
942 323 988 365 yr
1005 309 1148 373 bethet
1156 311 1181 362 /
1189 305 1335 363 ſolt
1292 305 1335 377 yr

291 387 354 428 nit
372 385 419 427 vil
431 386 539 425 woꝛt
547 377 718 430 machen
725 377 744 429 /
748 374 814 416 als
827 372 895 412 die
907 368 1039 420 heydẽ
1048 365 1332 420 thun
1199 365 1261 430 die
1284 365 1332 430 do

77 434 202 484 meinẽ
214 419 285 492 /ſie
295 440 435 484 werdẽ
446 437 733 492 erhoꝛet
613 419 634 492 /
646 419 715 492 wan
745 428 796 482 ſie
806 428 859 471 vil
868 429 977 468 woꝛt
986 421 1147 475 machẽ.
1160 419 1340 476 Darũb

77 481 215 547 ſolt
177 481 216 551 yr
225 498 331 551 euch
341 504 422 541 den
436 494 566 549 ſelben
580 493 644 536 nit
653 486 858 543 gleichen.
869 483 986 528 Dan
998 486 1110 519 ewer
1128 483 1241 541 vater
1258 485 1334 520 der

77 541 141 587 im
151 550 277 597 himel
288 555 337 608 ift
353 552 363 607 /
363 556 475 596 weis
486 552 575 593 wol
591 553 602 599 /
603 556 703 590 was
716 554 761 597 yr
770 533 1075 592 bedurffet
983 532 1004 608 /
1011 532 1067 608 ehe
1088 543 1133 598 yr
1143 542 1187 597 in
1196 532 1337 592 bittet.

79 609 251 666 Darũb
262 609 340 664 ſolt
350 609 396 663 yr
405 607 491 659 alſo
503 603 761 657 betẽ
608 590 629 666 /
648 603 761 657 Vater
774 594 921 649 vnnſer
930 603 1004 639 der
1012 602 1074 641 du
1083 588 1164 642 biſt
1175 599 1218 632 in
1227 593 1332 637 dem

86 652 444 720 himel
215 652 234 720 /
246 652 444 720 geheiliget
454 669 560 705 wert
570 661 666 705 dein
676 666 778 701 nam
796 654 856 697 ⁊c.
1146 674 1148 676 8
1303 654 1332 709 .

89 713 124 774 ¶
140 713 246 775 Auß
256 720 389 776 dieſen
402 719 532 765 woꝛtẽ
540 716 711 771 Chriſti
722 719 735 768 /
738 714 876 768 lernen
888 709 1129 765 wir
982 706 1002 776 /
1021 709 1129 765 beyde
1141 706 1259 758 woꝛt
1266 709 1336 767 vn

84 776 306 833 weis
198 763 218 834 /
230 763 287 834 das
305 763 368 834 iſt
386 783 393 834 /
417 780 477 822 wie
492 780 503 831 /
530 782 592 821 vnd
617 763 687 834 was
717 773 798 816 wir
805 770 925 814 beten
937 767 1061 824 ſollen
1065 770 1090 822 /
1099 768 1216 811 vnnd
1229 747 1338 816 dieſe

81 828 211 896 tzwey
220 835 329 889 ding
339 835 449 889 noth
458 833 540 889 ſein
549 839 614 884 tzu
627 829 894 884 wiſſen.
1114 860 1128 870 b

87 932 96 944 .
226 894 246 948 ¶
258 892 407 945 Czum
418 892 517 945 erſtẽ
531 891 594 935 die
622 878 733 948 weyſe
743 886 826 929 wie
833 884 920 928 wir
933 882 1055 927 beten
1074 878 1218 934 ſollen.

112 947 264 996 Die
277 947 408 1005 weyſe
410 929 464 1005 iſt
483 951 493 1001 /
494 949 582 1003 das
597 954 699 989 man
708 943 852 995 wenig
863 946 975 988 woꝛt
983 938 1130 991 mache
1147 941 1164 989 /
1174 933 1276 978 abel
1287 929 1348 992 vll

93 1003 172 1048 ynd
183 1004 294 1061 tieffe
304 1006 556 1057 meinungen
571 1009 672 1046 ader
683 998 819 1054 ſynnẽ.
845 997 916 1050 Ihe
927 998 1110 1048 weniger
1127 991 1260 1042 woꝛt
1240 986 1257 1046 /
1269 986 1338 1039 ihe

81 1060 210 1121 beſſer
218 1064 339 1117 gebet
350 1067 367 1116 /
369 1062 436 1113 ihe
446 1069 534 1103 mer
543 1057 709 1106 woꝛt
657 1048 671 1121 /
690 1048 717 1121 ie
737 1048 836 1121 erger
857 1063 1002 1094 gebet.?
1030 1052 1124 1101 enig
1143 1048 1244 1121 wort
1251 1048 1342 1086 vnd

93 1116 139 1158 vil
150 1122 354 1169 meinung
364 1117 415 1169 iſt
423 1112 682 1166 Christlich.
694 1109 749 1152 vil
789 1112 875 1152 woꝛt
895 1102 962 1169 vnd
973 1106 1118 1154 wenig
1134 1102 1339 1150 meinung

96 1165 140 1218 ſſt
164 1156 394 1227 heideniſch.
427 1156 547 1227 Darũb
582 1165 728 1222 ſpꝛicht
737 1165 771 1207 er
783 1168 797 1212 /
814 1165 878 1207 ſolt
888 1163 951 1206 nit
959 1162 1016 1205 vil
1025 1156 1345 1219 reden
1165 1156 1185 1227 /
1204 1156 1271 1227 wan
1296 1156 1345 1227 yr

89 1217 200 1291 betet
208 1234 291 1277 wie
300 1232 368 1277 die
376 1228 513 1285 heldẽ.
561 1225 647 1282 Itẽ
657 1220 866 1280 Joh.
813 1207 881 1291 ij.
885 1226 949 1277 zu
959 1225 1061 1267 dem
1075 1207 1345 1271 heydeniſchẽ

87 1288 264 1341 weiblin
276 1288 412 1345 ſpꝛach
421 1298 461 1332 er
478 1290 487 1340 /
488 1288 577 1331 wer
585 1290 662 1338 got
669 1282 743 1326 wil
753 1291 809 1324 an
822 1280 937 1323 beten
940 1284 961 1331 /
971 1284 1044 1322 der
1053 1269 1164 1327 muß
1167 1271 1218 1338 in
1237 1274 1344 1321 dem

86 1345 186 1399 geiſt
196 1355 285 1392 vnd
294 1349 337 1390 in
347 1353 420 1392 der
429 1343 614 1396 warheit
622 1336 877 1383 anbetẽ.
815 1329 859 1399 Da
885 1334 1001 1389 ſolch
1016 1333 1188 1382 anbetel
1204 1324 1345 1389 ſuchet

97 1396 165 1444 der
175 1405 303 1449 vater.
408 1401 519 1448 Nun
530 1401 574 1443 in
587 1404 685 1441 dem
696 1392 795 1448 geiſt
805 1391 922 1436 beten
930 1396 950 1447 /
952 1390 1054 1447 ader
1063 1385 1242 1444 geiſtlich
1249 1383 1343 1438 betẽ

97 1449 144 1501 ſt
151 1463 276 1515 gegen
287 1460 386 1504 dem
397 1453 617 1507 leiblichen
626 1451 748 1506 gebet
754 1447 844 1502 alſo
871 1443 1025 1515 genent.
1055 1447 1144 1494 Vnd
1157 1444 1281 1488 beten
1300 1440 1350 1497 in

89 1509 167 1569 der
176 1517 506 1571 warheit
366 1500 385 1571 /
403 1517 506 1571 gegen
517 1518 615 1555 dem
626 1506 747 1562 gebet
757 1508 800 1550 in
811 1507 910 1551 dem
921 1504 1075 1558 ſcheine
1083 1505 1247 1556 genent.
1257 1499 1349 1561 dan

88 1566 181 1619 das
193 1574 315 1627 gebet
324 1583 394 1627 ym
406 1565 641 1625 ſcheine
570 1555 584 1627 /
597 1555 638 1627 vñ
651 1562 897 1617 leiblich
826 1555 840 1627 /
853 1555 908 1627 iſt
904 1568 993 1606 das
1003 1555 1232 1612 euſſerliche
1248 1556 1350 1617 mũ⸗

95 1625 221 1674 melen
234 1635 321 1675 vnd
330 1632 544 1684 plepperen
554 1623 636 1665 mit
647 1627 746 1664 dem
755 1623 917 1665 munde
927 1627 984 1661 an
1001 1617 1081 1669 alle
1095 1613 1214 1663 acht.
1225 1609 1350 1668 Dan

94 1678 179 1742 das
193 1683 374 1742 ſcheinet
385 1696 456 1730 voꝛ
466 1689 549 1725 den
557 1681 690 1723 leuten
699 1680 717 1729 /
716 1679 803 1721 vnd
815 1672 1023 1728 geſchicht
1032 1671 1114 1715 mit
1121 1676 1232 1718 dem
1240 1665 1352 1710 leib⸗

85 1729 222 1796 liehen
235 1744 505 1789 munde
393 1725 419 1796 /
437 1725 500 1796 vnd
517 1739 582 1782 nit
590 1730 979 1789 warhafftig.
881 1725 975 1796 Aber
987 1729 1075 1776 das
1092 1721 1275 1780 geiſtlich
1292 1719 1354 1778 vñ

90 1796 344 1855 warhafftig
351 1795 540 1853 gebet
469 1786 488 1855 /
505 1786 555 1855 iſt
549 1798 638 1839 das
649 1790 873 1843 innerliche
883 1777 1286 1842 begtrde
1056 1774 1069 1846 /
1081 1777 1253 1842 ſeufftzen
1271 1774 1291 1846 /
1292 1774 1355 1834 vñ

77 220 363 423 0
387 220 488 310 dit
514 220 729 322 iunger
764 207 974 311 Chili
1002 205 1153 305 bath
1217 187 1345 296 das

65 1852 288 1911 voꝛlange
303 1865 386 1897 aus
397 1854 556 1906 hertzen
574 1852 735 1905 grund.
794 1831 883 1911 Das
911 1831 1031 1911 erſte
1058 1838 1183 1890 macht
1193 1831 1354 1888 heuch⸗

86 1898 146 1964 ler
159 1915 177 1963 /
202 1920 252 1958 nd
274 1907 406 1970 falſch
414 1908 562 1968 ſichere
584 1889 755 1970 geiſter.
742 1901 860 1953 Das
875 1903 1009 1947 ander
1024 1893 1174 1961 macht
1185 1889 1356 1953 heylige

89 1963 183 2012 ynd
193 1964 441 2024 foꝛchtſame
453 1963 602 2013 kinder
610 1967 791 2018 gottes.
866 1949 982 2024 Doch
1011 1949 1075 2024 iſt
1083 1949 1222 2006 hietzu
1239 1951 1357 1993 mer?

56 2009 175 2070 Len
183 2028 250 2073 ein
259 2022 623 2080 vnterſcheid
517 1998 532 2080 /
554 1998 615 2080 dan
631 2027 720 2067 das
730 2009 954 2070 euſſerliche
974 2007 1080 2065 gebet
1102 1998 1297 2080 geſchicht
1312 1998 1356 2074 iu

74 2072 305 2159 dꝛeyerley
322 2077 491 2158 weyſze.
933 2111 1054 2119 8
1209 2077 1237 2117 „
