1285 2062
1 1409 63 1469 ilq

0 1478 61 1538 61

0 1706 131 1813 4

501 151 697 200 Vorrede.

103 250 235 315 daß
261 262 304 303 er
331 251 414 302 den
445 245 600 309 Sohn
628 242 842 299 GOttes
868 239 1080 306 geſehen?

136 317 241 405 Ach
262 334 388 389 nein!
433 321 578 393 Das
591 317 864 405 Gewiſſen
875 317 974 403 hat
989 318 1082 403 ihn

103 419 110 464 —
142 404 232 496 vor
262 400 432 524 ſeinem
446 416 599 492 Ende
617 419 873 501 geplaget,
900 424 955 487 (
973 423 1083 472 Cor.

103 544 191 582 S.
214 547 249 575 2.
259 527 379 573 Tim.
434 524 455 592 .)
488 513 595 597 daß
620 530 673 584 er
707 509 795 597 die
788 509 1084 584 Gemeinde

140 607 410 683 GOttes,
437 612 549 681 und
568 611 645 682 die
664 609 819 695 erſten
840 605 1086 693 Chriſten

151 707 432 799 verfolget:
487 709 743 787 (gleichwie
795 718 949 770 etwan
1000 715 1087 769 den

106 803 573 866 Superintendenten
599 802 835 851 Lobethan
870 806 965 859 das
989 804 1089 863 Ge⸗

152 875 302 943 wiſſen
326 879 551 944 geplaget,
580 879 672 944 daß
701 891 746 934 er
771 880 819 934 in
841 876 998 945 ſeinem
1013 880 1089 937 Le⸗

157 953 242 1007 ben
264 949 427 1017 offters
460 952 504 1017 ſo
531 951 823 1020 jach⸗zornig
856 952 1091 1023 geweſen.)

158 1025 284 1083 Das
311 1025 467 1081 würde
497 1029 590 1082 das
624 1027 803 1093 Urtheil
832 1027 948 1103 ſeyn,
978 1030 1022 1095 ſo
1046 1044 1092 1088 er

160 1108 246 1153 von
278 1103 361 1164 dem
384 1089 560 1187 Apoſtel
580 1089 720 1187 wuͤrde
735 1089 918 1187 gefaͤllet
948 1089 1096 1187 haben.
1162 1160 1164 1162 1

164 1173 323 1239 Wenn
346 1176 407 1227 du
432 1175 549 1229 mein
572 1173 728 1241 Buch,
750 1180 844 1232 und
870 1187 980 1234 was
1005 1183 1095 1238 mir

162 1257 318 1317 1704.
350 1260 478 1315 1717.
517 1259 650 1316 1728.
684 1250 823 1316 1736.
858 1252 1099 1322 begegnet,

167 1322 289 1386 wirſt
303 1322 463 1387 geleſen
480 1323 640 1389 haben,
651 1322 695 1391 ſo
712 1325 837 1390 wirſt
847 1326 909 1381 du
920 1329 993 1382 die
1005 1332 1099 1394 Ap-

170 1394 374 1457 plication
391 1395 478 1463 auf
488 1398 602 1462 mich
618 1405 744 1464 gantz
764 1399 892 1465 leicht
913 1399 1101 1496 machen

173 1466 358 1524 koͤnnen.

284 1545 426 1615 Leute,
439 1547 568 1600 deren
584 1545 741 1610 Gunſt
757 1557 866 1601 man
884 1546 1105 1615 verſchuͤt⸗

173 1618 253 1680 tet,
269 1617 316 1681 ja
339 1617 497 1680 offters
524 1620 637 1682 auch
662 1617 706 1682 ſo
733 1631 819 1683 gar
844 1620 1108 1704 diejenigen,

176 1693 248 1755 die
270 1691 382 1755 noch
405 1692 490 1750 alle
513 1691 913 1760 Werthſchaͤtzung
935 1704 1022 1750 vor
1050 1696 1109 1751 ei⸗

1019 1782 1109 1828 nen
