1089 1691
153 113 1001 182 Die ſeel die ſpricht/Es kumpt die zeyt⸗
153 167 1006 233 Das leib vr d ſeel von evnander ſcheydt /
153 221 1006 288 Was hi fft dich dann dein groſſer geyt /
153 274 766 336 Du muſt zů aſchen werden/
153 324 905 402 Dann du biſt gemacht auß erden.
404 377 658 437 Leib.
153 423 1006 491 Der leib der ſpricht/Du machſt mir bang /
153 479 1006 543 Erſt mich nach ewiger freud verlangt/
153 530 889 594 Chriſtus helff mir zum anefang /
153 582 894 644 Woͤll mich zum Vatter bekeren/
153 633 852 700 Meyn trauren will ſich meren.
393 685 690 745 ¶ Seele.
153 732 1006 800 Die ſeel die ſpricht / Jch treyb kein ſchertz /
153 788 896 853 Gott fordert cin zertnuͤrſtes hertz /
153 839 1006 906 Der lerb můß hie abſterben durch ſchmertz
153 893 801 955 Dann er iſt zeytlich geboren/
153 944 775 1004 Den Wurmen auſ erkoren.
397 996 651 1054 Leib.
153 1041 1006 1108 Der leib der ſpricht/O Gott mein err /
153 1093 1006 1161 ilff das jch mich durch Chriſtum beker /
153 1148 991 1211 O heylicer Geiſt mevn glauben mer-
153 1198 800 1264 ilf mirs zeytlich erlevden /
153 1250 844 1321 Nich troͤſt in ewitter freuden.
390 1299 714 1368 Seele.
