2463 2578
798 456 885 517 De
899 456 1069 527 Llio,
1078 466 1178 516 0
1192 456 1396 519 Latio.
525 625 1697 690 eminem ad eruditionem ſolidam ſine litterarum elegantiorum
534 684 1697 750 ſtudio, hoc eſt, ſine accurata linguae latinae atque grateae
498 744 1697 808 cognitione vel adſpirare vel viri docti nomen jnre tuei poſſe,
405 804 1697 869 qui cum prudent · ſſimis, quorum haec vna omnium conſentiensque vox
405 864 1697 926 eſt, et olim ſtatuerunt, et nunc ita arbitrantur, a recto veritatis tra-
405 924 1373 984 mite aut parum, aut nihii abludere nobis videntur.
444 983 1697 1047 Hoc enim politioris humanitatis ſludium, quod vniuerſum erudi-
405 1042 1697 1106 tionis ambitum complectitur, omniumque ſcientiarum orbem, omne
405 1102 1697 1167 vitae genus omnium hominum vel ſacris operantium, vel Ihemidi
405 1162 1697 1224 litantinm, vel medicorum, Philoſophorumque ordines attingit, opti-
405 1220 1697 1283 morum uctorum lectione nititur, qui omnis litteraturae fontes, omnis
405 1279 1523 1349 ſapientiae humanae prudentiaeque ciuilis magiſtri habentur.
449 1341 1697 1405 Ex is fontibus quot commoda non in rempublicam magis eccle-
408 1400 1697 1467 ſiaimque, quam in juuentutem, in ſcholis ſic dictis latinis florentem,
412 1460 1574 1527 de quibus jam nobis ſermo eſt, redundant, quantae vtilitates!
452 1513 1697 1580 Nou enim ad id tantum conducunt, vt Romanae linguae indolem,
414 1578 1697 1643 dicendique atque ſeribendi latine facultatem exinde addiſcat pubes ſcho-
415 1636 1697 1702 laſtica; ſed ionge plures eorum lectio habet vſus. Dictorum ab iis
416 1698 1697 1758 ſenſin eruendo acieti meditationis intendit, attentionemque ſibi ac-
417 1757 1697 1827 quiiit, quae ſtudiorum anima habetur: acumina illorum ſub examen
417 1817 1697 1883 reuocando ſuum ipſius ingenium acuit, ſententias illorum meimoriae
417 1876 1697 1940 tradendo vim memoriae corroborat atque auget, animumque ipſum
417 1935 1697 2004 ſalaberrimis praeceptis imbuit, exeerpendi ſtudium promouet, ratio-
417 1996 1697 2064 nemque ſtudiorum rectam ſeu methodum addiſcit, qua deficiente juue-
417 2059 912 2120 tus aquam cribro haurit.
463 2116 1697 2181 Adde, quod erectioris indolis adoleſcentes, qui ingenio dicendique
419 2176 1697 2248 genere Horatii, Virgilii, uidii, Liuii, ipſiusque Ciccronis tenentur,
1004 2235 1697 2290 A 2 mi-
