1124 1833
250 112 957 168 LIBERI..
93 164 949 239 ficiem ducent. Eſt nanq; ſuperficies
93 224 1034 291 extrema corporis pars, qæ non pro- Superfi-
93 277 1004 342 funditate aliqua, ſcd latitudine tan- cies.
93 332 948 400 tum longitudineq; atq; perinde ſiis
93 385 1042 452 qualitatibus cognoſcatur. Qalita ulits.
93 437 947 503 tum aliæ ita ſuperficiei inhærent, ut
93 491 932 557 niſi prorſus alterata ſuperficie mini-
93 544 893 612 me ſe moueri, aut ſeiungt queant.
122 598 944 664 Alias uerò qualitates huiuſmodi
93 648 946 717 ſunt, ut eadem facie ſuperficiei manen
93 706 946 770 te, ita ſub aſpectu tamen iaccant, ut ſu
93 759 947 824 perficies uiſentibus alterata eſſe uidea
93 813 946 879 tur. erpetuæ autem ſuperficierum
93 863 945 932 qualitates gemiẽ ſirnt. Vna quidem
93 920 937 985 quæ per extremum illum ambitum,
93 973 945 1039 quo ſuperficies clauditur, noteſcat,
93 1028 941 1093 quem quidem ambitum nonnulli ori
93 1077 1077 1147 ontem nuncupant. Nos ſi liceat, la- orixon.
93 1130 1026 1202 tino uocabulo ſimilitudine quadam Ora.
93 1238 941 1311 beat, fimbriam. Eritq; & ipſa fimbria
93 1296 942 1362 aut unica linea, aut pluribus ſineis
93 1348 925 1416 perfinita. Vnica, ut circulari, pluri-
93 1404 945 1468 bus aut altera flexa, altera recta, aut
93 1457 942 1527 etiam quæ pluribus rectis flexisúe
504 1513 947 1577 a 3 lineis
