1118 1837
215 166 943 236 4DEPCTTVR
221 220 1047 293 literis materia, nos legentes pictor es
235 271 1047 349 intellexerint. Pcto igitu noſtra non
238 330 1047 402 ut puro à Maihematico, ſed ue lut i à
235 392 1047 463 pictore tantũ ſcrippa interpretentur.
235 437 1047 518 Itaq; principio nou iſſc oportet, Pun-
239 487 1047 566 ctum eſſe ſignum, utita loquar, quod
63 569 228 624 Signum.
238 544 1047 619 minimè in partes queat diuidi. Signũ
239 594 1047 674 hoc loco appello, auicquid in ſu perfi
242 649 1047 723 cie ita inſit, ut poſſit oculo conſptci:
242 708 1047 785 quæ uer ò intutum non recipiunt, ea
244 761 1047 835 nemo ad pictorẽ nihil pertinere ne-
244 812 1047 891 gat. Nam ea ſolum imitari ſtudet pi-
244 865 1047 943 ctor, quæ ſub luce uideantur. Puncta
245 921 1047 999 quidem, ſi continenter in ordine iun-
60 992 229 1051 Line.
244 970 1047 1053 gantur, lineãextendent, Eruq; apud
245 1023 1047 1102 nos linea ſignum, cuius longitudo ſa
248 1077 1047 1158 nè in partes diuidi poſſit. Sed erit uſq;
250 1134 1047 1204 adeo latitudine tenuiſsima, ut nui-
249 1188 1047 1262 quàm findi quæat. Linearum alia re-
249 1242 1047 1312 cta, alia flexa. Recta lnea eſt ſignum
248 1296 1047 1375 à puncto ad punctum dirccte in lon
248 1349 1047 1428 gum protenſum. Flexa eſt quæ à pun
248 1401 1047 1480 cto ad punctum non recto greſſu, ſed
248 1453 1047 1526 facto ſinu fluxerit. Lineę plures quaſi
249 1511 1047 1583 fila in tela, ſi adacta cohæreant, ſuper-
834 1564 1047 1615 ficiem
