1296 1855
0 200 153 225 A

0 221 8 259 )
23 215 109 262 Trilionen
129 228 159 270 le

0 270 10 308 1
38 259 74 309 eu
75 265 158 316 une

0 313 50 343 000
60 305 115 352 Fünf
121 310 173 351 hut

0 349 113 395 taufend,
121 352 160 392 ach

0 392 69 436 UNS
78 387 171 449 Millionen

5 434 83 479 dreyfIg
93 440 172 480 Gaufend.

3 477 85 518 chi.
105 478 170 517 Ci

0 559 97 601 Damit
70 558 89 604 m
105 558 177 604 Diele

0 608 45 656 geit
57 598 171 656 Benurfacd

0 647 168 697 AN

239 229 304 253 vom
311 221 360 250 der
371 217 509 253 Rechten
523 224 616 258 gegen.
631 216 683 247 der
695 213 1000 248 Linckeit
835 213 880 258 Ste
893 213 910 258 U
920 213 1000 248 nitze-

239 269 308 299 ten,
336 260 440 292 weilen
458 260 510 290 der
530 256 593 297 auf
613 256 703 296 Öiefer
729 255 832 288 Stelle
863 254 999 300 ehende

239 302 391 331 Character
405 301 539 341 anzeigget
556 319 560 337 ,
596 299 655 329 wie
673 296 733 328 viel
755 296 868 341 einscle
887 296 999 336 Stücke

240 342 419 380 vorhanden
438 341 513 380 find.
578 338 648 377 Auf
660 339 712 369 der
736 344 868 376 3weytem
895 337 999 371 Stelle

239 377 305 422 find
321 385 367 415 die
388 382 515 411 Decades
534 400 542 413 ,
571 380 675 412 indem
693 379 744 410 der
768 377 921 407 Character
942 378 1004 420 auf

238 424 327 464 diefer
342 422 445 461 Stelle
460 421 652 460 ausweifet.,
682 419 890 459 wievielmahl
912 420 1000 457 schen

240 466 339 501 einzele
349 462 469 497 Stücke
478 462 668 497 vorbanden,
697 462 805 500 Ferner
819 462 939 493 werden
953 461 1000 494 Die

239 506 301 545 auf
311 507 362 537 der
387 504 504 538 Örıtten
531 502 637 537 Stelle
659 502 824 530 Centenarii
844 508 1000 544 Kenennet;

239 547 301 587 auf
316 548 368 578 der
380 548 495 578 vierten
518 543 688 580 Millenarii;
717 541 779 582 auf
793 543 846 574 der
869 542 1001 583 fünften

239 587 369 616 Decades
380 589 539 616 millenario
548 597 604 614 rum
616 607 624 619 ,
646 583 708 623 Auf
718 585 769 615 der
783 584 910 623 fechftfen
926 584 1001 613 Cen-

238 633 337 657 tenarii
359 629 577 657 millenariorum
603 627 669 658 4nd
688 624 749 664 Auf
769 626 821 657 der
847 626 1000 665 febenden

239 667 389 698 Milliones,
433 668 539 701 YWenn
552 674 626 699 man
639 674 704 699 fun
716 666 764 697 dre
790 665 929 699 Millionen
946 667 1001 699 als

239 710 341 746 einsele
356 707 477 741 Stücke
496 708 668 743 betrachtet
679 728 687 745 ,
720 706 751 745 fo
763 706 914 747 befinden
935 708 999 748 fich

239 750 302 789 auf
318 751 370 781 der
392 749 499 785 achten‘.
526 748 631 781 Stelle
652 748 754 780 wieder
773 747 1000 789 Decadesirehms

237 792 298 826 lich
320 790 479 819 Millionum
499 810 505 819 ,
536 789 597 828 auf
616 791 666 820 der
680 796 811 820 neunten
832 789 1001 831 Cenrenarii

233 834 302 864 And
316 831 346 870 fo
359 831 525 863 wiederuni
537 830 606 870 fort
626 830 678 861 bis
692 829 752 868 auf
769 830 911 862 Billionen
942 829 1003 871 Auf

237 873 289 906 der
309 872 505 911 dreyschnter
533 871 646 903 Stelle,
699 871 751 910 Yn
772 869 897 910 ülercher
917 871 1000 904 Ords

236 920 324 955 mund
336 914 409 953 gebt
423 922 496 944 man
511 913 676 944 wicderyin.
693 911 762 951 fort
775 912 825 943 bis
840 912 903 952 auf
920 912 998 941 Lril-

237 956 334 987 lionen
354 955 418 986 und
436 954 467 993 fo
483 957 595 985 weiter,
903 954 939 989 I

306 995 409 1033 Biefes
436 995 576 1035 deutlicher
597 998 645 1024 vor
671 990 769 1030 Yugen,
790 998 818 1031 54
843 990 918 1032 Segen
947 992 999 1026 Dies

237 1041 283 1070 net
296 1036 416 1076 folgende
430 1032 553 1064 Tabelle,
587 1034 682 1071 welche
697 1033 783 1071 weifer
798 1039 860 1066 was
870 1032 946 1066 Die
952 1034 999 1062 Cha-

240 1080 362 1107 rad&eres
382 1077 433 1116 auf
444 1078 515 1110 einer
536 1076 660 1115 jeglichen
685 1074 781 1110 Stelle
800 1071 845 1114 für
865 1076 920 1109 eine
936 1074 999 1110 Bee

237 1118 354 1159 Deutung
375 1118 477 1159 haben:
500 1118 544 1151 als

236 1156 350 1207 Stellen
573 1159 614 1192 Die
635 1157 805 1199 Bedeutung

538 1222 551 1241 2
633 1198 796 1257 Unitares”]
834 1224 837 1232 \
912 1217 936 1228 5

534 1264 548 1282 f
640 1251 786 1293 Decades|

536 1306 549 1325 £
604 1293 784 1322 Centenarii
783 1293 791 1325 |
818 1302 861 1313 17.
931 1293 932 1315 1178

442 1348 454 1367 £
536 1348 550 1366 Z
617 1328 773 1371 Millenarii
784 1303 826 1358 CU
836 1312 956 1336 a

397 1376 530 1408 Decades
556 1375 774 1404 millenariorum

374 1414 540 1460 Centenarli
554 1417 764 1446 millenariorum
778 1413 796 1465 |

600 1467 644 1517 25)
909 1441 994 1503 Sieb

439 1222 455 1325 WW

274 1307 296 1452 A

348 1350 361 1451 WW
346 1267 359 1284 MN
