2826 4003
732 437 1989 547 Vorrede an den großguͤnſtigen Leſer.
727 563 2363 655 CH muß frey bekennen / daß ein ſolch weitlaͤuffiges Werck von der
727 636 2365 730 Oeconomia zu ſchreiben / ich niemaln / aber wol vor etlich und zwanzig
731 706 2364 799 Jahren die Gcorgica auf das kuͤrtzete Verſweiſe aufzuſetzen willens
772 771 2364 870 weſen / wie ich aber das letztere bald geendet / und erlichen guten
725 849 2365 944 Freunden und Goͤnnern / als ſonderlich /denen numehr beeden ſeeligen
362 918 2362 1016 Kunſtliebenden und Ungluͤckſeligen / wie auch andern unterſchiedlichen gewieſen /
359 990 2365 1087 und ihre Meinung verlangt / haben ſie ihnen zwar meine Arbeit nicht mißfallen laſ⸗
335 1063 2367 1160 ſen / doch aber dieſes beygefuͤgt / daß dergleichen Scripta Didactica beſſer und amuthi⸗
335 1133 2365 1230 ger in freyer / als gebundener Rede moͤgen gehandelt werden; alſo daß ich nothwen⸗
335 1203 2367 1297 dig in Proſa Beymerckungen anhencken ſolte. Und ob ich wol ihrem Urtheil und
335 1276 2365 1372 Willen nicht widerſprochen / habe ichs doch zu vollfuͤhren viel Jahr aufgeſchoben /
335 1345 2366 1445 biß ich letzlich mich ſamt den Meinigen in die vornehme Kayſerliche freye Reichs⸗
337 1419 1358 1521 ſtadt Regenſpurg begeben / und allda
758 1490 1901 1583 — — — — qſpita Miie
751 1559 1985 1646 Otia, exemptum curi gravioribus ævum
342 1631 2372 1734 haben und genieſſen koͤnnen / alſo indem ich die vorige gantze Zeit uͤber / allerley vor⸗
338 1701 2374 1802 nehme zur Wirthſchafft gehoͤrige Sachen / theils aus guten bewaͤhrten allerhand
338 1773 2375 1876 Sprachen Authoren / theils mit Beyhuͤlff anderer guter Freunde / nicht wenig auch
342 1844 2376 1939 aus eigner Beobachtung / Fuͤrmerckung und Erfahrenheit geſam̃let / habe ich mich
346 1915 2377 2013 endlich daruͤber gemacht / und dieſes Werck in Proſa, nach und nach in ein paar Jah⸗
347 1986 2378 2092 ren / neben denen Prodromis ligato Sermone, verfertigen / und dem guͤnſtigen Leſer
370 2059 1523 2165 hiemit communiciren und mittheilen wollen.
416 2129 2380 2225 Damit man aber nicht vorwerffen moͤge / ich handle von der Wirthſchafft / und
371 2202 2379 2294 melde nicht / was ſie ſey / hat es mich anfangs darum unnoͤtig gedaucht / weil es oh⸗
373 2272 2381 2367 ne diß ein Jederman bekanntes Ding iſt / ohn welches das menſchliche Leben nicht
373 2345 2380 2444 beſtehen kan / damit es aber auf das kuͤrtzeſte geſchehe/iſt die Oeconomia nichts an⸗
375 2414 2384 2506 ders / als eine weiſe Vorſichtigkeit / eine Haus wirthſchafft begluͤckt anzuſtellen / zu
376 2484 2377 2592 fuͤhren / und zu erhalten / und wird ſich nicht uͤbel herreimen / was der gelehrte Plu-
377 2557 2382 2650 tarchus in ſeinem Gaſtmahl der ſieben weiſen Griechen erzehlet / daß als Periander
378 2628 2383 2720 von den andern ſich erfragt / welche Hauswirthſchafft recht gluͤcklich zu achten ſeyt
378 2701 2384 2804 habe darauf erſtlich Solon geantwortet / diejenige ſey es / worinnen kein unrecht er⸗
378 2773 2386 2864 worbenes Gut zu finden / welches zu erhalten kein Mißtrauen / und auszuſpenden
379 2843 2385 2936 keine Reue nach ſich ziehe. Bias habe geſagt: in welcher der Hausvatter aus frey⸗
360 2914 2385 3018 willigem Hertzen ſich alſo verhaͤlt / wie er / von auſſen zu leben / durch die Geſetze an⸗
360 2986 2396 3091 geleitet werde. Thales habe vermeint / wann der Hausvatter die mehreſte Zeit koͤnne
360 3054 2396 3160 muͤſſig ſeyn / nemlich wo das Geſinde fleiſſig und arbeitſam / ſich nicht erſt durch viel
384 3128 2396 3222 Gebot antreiben laſſe. Cleobulus habe vermeldet / dieſe Hauswirthſchafft ſey am
383 3198 2396 3304 beſten beſtellet / in welcher mehr ſeyen / die den Hausvatter lieben / als die ihn fürch⸗
384 3271 2396 3364 ten. Pittaci Ausſpruch war / in welcher nichts unnothwendiges und uͤberfluͤſſiges
386 3344 2396 3444 begehrt / auch nichts nothwendiges zu verlangen ſeye. Endlich habe Chilon geſchloſ⸗
388 3413 2396 3513 ſen / dieſe waͤre die gluͤckſeligſte Wirthſchafft / die beſtellet ſey gleich einer Stadt /dar⸗
1579 3528 2396 3592 a iij innen
