2790 4041
0 1942 56 1998 hen
0 1990 56 2050 oiſt
0 2047 57 2100 jem
0 2099 56 2146 m
0 2144 59 2197 tere
0 2195 60 2244 der⸗
0 2242 61 2302 An⸗
0 2337 34 2396 id
0 2390 64 2446 icht
0 2440 67 2499 gen
0 2485 68 2542 und
0 2535 68 2593 teſtt
0 2589 68 2644 det⸗
0 2636 70 2692 ahet
0 2682 71 2739 das
0 2730 72 2793 mil
0 2786 71 2839 em⸗
0 2834 71 2896 iche⸗
0 2927 73 3000 /iſi
0 2980 73 3055 eh
0 3037 71 3104 gen'
0 3088 70 3147 z
0 3137 70 3194 het
0 3180 73 3250 yat
0 3226 74 3295 zrtal
0 3287 70 3346 on
0 3327 75 3393 oe
0 3379 75 3440 e
0 3430 78 3505 yu⸗
0 3562 83 3614 ugu
694 348 1772 422 Sechſtes Buch / Blumen⸗Garten.
2044 372 2255 438 585
2570 349 2585 374 1
2564 433 2585 471 1
2568 556 2580 587 1
2565 800 2580 826 1
2559 1059 2585 1100 1
2511 1493 2585 1543 —
2507 1542 2585 1601 1
2496 2091 2585 2139 t
2521 3165 2585 3237 '
2536 3570 2584 3600 4
2539 3630 2584 3669 1
2537 3600 2584 3637 t1
233 438 1223 500 P. Auguſtinus Mandirola will / es ſollen in Gaͤrten
1242 452 2260 517 tes und unfruchtbares Erdreich haͤtte / kan man den
221 475 1222 552 zween Plaͤtz abgeſondert ſeyn / ein gantz freyer / gegen der
1241 495 2259 567 Platz Kme⸗tieff beſchuͤtten mit guter Acker oder Wie⸗
221 521 1221 602 Sonnen / um in Fruͤlings⸗ Zeiten die in Geſchirren und
1241 547 2260 615 ſen⸗Erden / in den Form abhaͤngcht oder eben / wie man
257 576 1221 652 denen Gefaͤſſen ſtehende Gewaͤchſe darein zu ſetzen /
1241 596 2258 667 ihn haben will / doch daß die Erden vorher wol durchgra⸗
221 626 1219 701 und deſto beſſer fuͤr der ſchaurigen Lufft zu bewahren.
1239 646 2259 719 ben / von allen Wurtzen / Steinen und Unkraut auf
222 669 1219 753 Der andere Platz ſoll ſchatticht ſeyn / um die Gewaͤchſe /
1239 697 2256 762 das allergenaueſte gereiniget ſey / und ſolches ſoll im
219 727 1218 800 im heiſſen Sommer daſelbſt zu erhalten / und fuͤr uͤber⸗
1240 746 2254 812 Herbſt geſchehen / damit der Grund von der Winter⸗
219 767 1218 853 ſuͤſſiger Sonnen⸗Hitz deſto fuͤglicher zu verſichern. Jſt
1237 796 2253 865 feuchten und Gefrier gemildert und befeuchtet / deſto be⸗
220 821 1215 901 aber etwan ein Ort / der zwar gelegenſam (wie gemel⸗
1237 844 2254 916 quemer komme / ſo kan auf folgenden Fruͤling die
218 868 1216 949 det) laͤge / aber nichts taugliches oder gutes / ſondern
1236 895 2253 961 Austheilung deſto beſſer an die Hand genommen wer⸗
219 921 1214 1000 eiwan moraſtig waͤre / iſt derſelbige erſtlich mit Sand /
1236 944 2253 1012 den. Vor allen iſt auch dahin zu ſehen / daß kem Man⸗
219 967 1214 1049 Stem und grober Erden / und darauf Knie⸗tieff mit
1236 991 2253 1063 gel an Waſſer ſey / welches unter die vornehmſten Ei⸗
217 1024 2255 1121 zlemlich guter und mittelmaͤſſiger Feld⸗und Acker⸗Erden genſchafften eines ſchoͤnen und zierlichen Gartens zu
217 1073 1466 1158 iu erfuͤllen / oder wann er ſtemichtes / ſandichtes /laimich⸗rechnen.
1001 1195 1430 1270 CA. V.
643 1278 1789 1368 Vom Brund des Blumen⸗Gartens.
354 1387 2252 1471 Eilen von dem Grund im vierdten und fuͤnfften ſolitoque folioſiores Iuxurient, præpinguem; ſi mo-
355 1442 1211 1509 Buch allbereitAnregung geſchehen / will ichs all⸗
1237 1449 2255 1525 dicè carnoſæ, ſeſſilesquè aſſurgunt, attemperatam
356 1491 1210 1555 ier deſto kuͤrtzer machen / und indem die Ktel⸗
1236 1499 2058 1562 habilemquè floribus Humum ſignificant.
219 1530 1211 1605 und Blumen⸗ Gewaͤchſe unterſchiedener Naturen / et⸗
1267 1545 2258 1619 Alſo auch wann man die Erden im Waſſer zerge⸗
219 1571 1213 1653 liche fettes / etliche magers Erdreich haben wollen: Al⸗
1236 1593 2258 1668 hen laͤſſet / und es gibt viel Schleim / iſts ein fettes; gibt
220 1621 1213 1705 ſo iſt am ſicherſten / des Blumen⸗Gartens Grunde ſeye
1237 1646 2260 1712 es wenig / iſts eine magere Erden; daher auch die aus
221 1676 1214 1758 mttelmaͤſſig; iſt er gar zu gail / ſo ſetzen die Pflantzen
1237 1693 2261 1763 den Kraut⸗ Gaͤrten genommene Erde fuͤr die Blumen
220 1720 1215 1807 ſlarck zu / machen viel Blaͤtter und wemg Blumen / ſo
1238 1745 2261 1815 am taͤuglichſten gehalten wird. Sonſt hat alles Erd⸗
221 1773 1214 1860 bflegt auch das Kielwerck bald darinven zu faulen; Jſt
1240 1798 2261 1868 reich unterſchiedliche Bette und Lager aufemander /
222 1823 1217 1908 aber der Grund gar zu duͤrr und unſaͤfftig / ſo kan er die
1241 1849 2264 1921 und welche Erden oben her emen oder zween Schuhe
223 1868 1218 1956 Verpflegung nach Genuͤgen nicht leiſten; iſt gleich einer
1241 1897 2221 1966 dick guten Grund hat / die iſt gut zu den Gewaͤchſen.
222 1918 1216 2002 Ammen / deren Bruͤſte verſeigen / wann ſie ein Kind
1281 1947 2264 2017 Herr Peter Gabriel / Fuͤrſtl. Wuͤrtenbergiſcher
222 1968 1219 2052 ſaugen und ernaͤhren ſollen / darum ales klein und duͤrr
1243 1991 2264 2062 Garten⸗Inſpector, in ſemem allgemeinen Gaͤrtner
223 2024 1008 2106 werden / auch letztlich gar verderben muß.
1242 2043 2266 2114 Cap. 3. ſagt: Die untaͤuglichen Gruͤnde zum Garten
237 2087 1220 2168 Von dem Grund zu den Welſchen Baͤuneen ſingt
1242 2095 2263 2166 bequem zu machen / wann ſie zu hart und ſchwer ſind /
224 2123 1217 2222 oh. ſovianus Pontanus Neapolitanus lib. 1. Heſperi-
1245 2143 2264 2215 muß man ſie arbeiten und bauen. Wann ſie zu leicht
224 2178 435 2258 um alſo:
1244 2191 2262 2263 ſind / verbaͤrten; ſo ſie zu mager / dungen; ſo ſie zu fette /
238 2253 1169 2323 — Putres glebæ, quæquè æquora raſtris
1245 2244 2263 2313 mager werden laſſen; ſo ſie zu feucht / ausdoͤrren; ſo
1245 2293 2262 2363 ſie zu trocken / befeuchten; ſo ne zu kalt / erwaͤrmen; ſo
291 2301 1209 2381 Molle ſonent, fluidum facilè admiſſura liquo-
1244 2341 2261 2411 ſie zu warm / erfriſchen; welches mit dem Miſt unter⸗
585 2370 783 2422 rem,
1245 2389 2261 2461 ſchiedlicher Thier / oder durch Vermiſchung eines Bo⸗
294 2398 1173 2475 Nec mihi diſpliceat ſalebroſi glarea ruris,
1244 2439 2262 2514 dens mit dem andern geſchehen kan. Ein vernuͤnfftiger
294 2450 1174 2522 Quæquè ſolo tenui graciles imitatur arenas:
1246 2485 2262 2565 Gaͤrtner weis auch unter den Zwibeln und Wurtzeln
292 2504 1186 2574 Si modò ſæpe fimo ſpargas, ſi pronior unda
1245 2538 2262 2617 der Blumenl dieſen Unterſchied zu machen / daß dieſe
279 2549 1216 2626 Diluat ipſa ſuper, lætusquè inſtillet ut Imber.
1246 2589 2263 2665 ein fettes / jene aber ein leichtes und geringes Erdreich
232 2601 1219 2682 Viel ſind der Meynung / die beſte Erden ſey / die in
1244 2641 2261 2718 verlangen / darzu auch die Verneuerung kommen ſoll /
222 2636 1220 2738 einem Kuchen⸗Garten ſchon ein Jahr getragen / daß
1244 2685 2260 2764 daß man alle vier Jahr die Erden aus jedem Bette einer
221 2692 1219 2782 nan mit derſelbigen den Blumen⸗Garten beſchuͤtte /
1245 2739 2260 2815 Spannen tieff heraus nummt / und friſchen Grund wie⸗
221 2737 1221 2830 arinnen die Dunge ſchon ſich mit dem Grunde veren⸗
1244 2791 1606 2851 der hinein ſchuͤtte.
221 2792 1220 2887 et hat / und deren rohe Art und ſtarcker Geruch / durch
1298 2837 2260 2916 Der alte Hollaͤnder Emanuel Swertius raͤthet / man
221 2837 1221 2934 Befrier / Regen und Sonnenſchem gemildert und ver⸗
1244 2887 2259 2968 ſoll in die Erd en eine ziemliche Gruben machen / ſolche mit
221 2889 435 2966 iehret iſt.
234 2956 1219 3042 Wann die Erde zu gut iſt / taugt ſie mehr den Wur⸗
1243 2940 2257 3020 guten Kuͤhe⸗Miſt / und guter ſchwartzen Erden anfuͤllen /
221 2992 1219 3097 len und Zwibeln Beyſaͤtze / als Blumen zu geben; iſt ſie
1243 2993 2255 3068 und unteremander miſchen / und alſo ein Jahr ligen laſ⸗
222 3048 1218 3146 i ſchlecht / ſo bleibt alles ſtecken / darum / wie oben ge⸗
1241 3040 2255 3117 ſen / vfft aber untereinander mengen / ſo werde man gu⸗
221 3089 1218 3190 acht / iſt hier das Mittel zu erwehlen; daher man oen
1241 3090 2255 3165 ten Grund bekommen; ſo zweifelsohne nicht vom Kiel⸗
223 3139 1217 3241 runde (wie bey dem Feldbau im ſiebenden Buch wird
1239 3140 2141 3213 werck ſondern den Zaſergewaͤchſen zu verſtehen.
223 3195 1215 3288 dacht werden) vorhero probiren kan / davon P. Ferra-
1290 3189 2252 3265 Jtem / man ſoll geſtoſſene alte Rinden von Eychen /
225 3253 1213 3339 u in Florâ ſuâ lib. 1. cap. 6. alſo ſchreibet: Expreſ-
1240 3236 2251 3312 welche die Schuſter gebraucht haben / alſo in eine Gru⸗
224 3289 1213 3389 um Parentis xemplum Filii ſunt. Si plantæ deco-
1238 3288 2250 3363 ben mt guter Erden vermiſchen / ein Jahr ligen laſſen /
225 3336 1216 3448 res, exilequè aboriantur, macram; ſi viridiſſimæ,
1237 3340 2250 3416 hernach durchſieben / ſoll zu Vermehrung der Blumen
1241 3387 1599 3452 ſehr wol dienen.
2037 3614 2247 3669 CAP.
