2658 3262
913 420 935 442 1
1480 420 1903 473 Ablegen — Abſtand
942 498 1682 545 Ablegen oder Abſenken, Abhaken, Senken Abla
1709 497 2515 545 lichen oder Staub und die weiblichen oder Stempel—
912 537 1161 576 teriren, iſt cine
1167 537 1687 578 peration, mit deren Hulfe ein
1708 539 2506 578 bluthen ind auf verſchiedene Jndiiduen vertheilt
913 572 1161 609 Zweig der noch
1175 572 1687 613 mit dem Stamme im organiſchen
1708 572 2516 611 Auf letztere folgen lebhafte rothe Beeren Dicſe
915 604 1688 647 Zuſammenhange ſteht, zur nzeugung von Wurzeln
1709 604 2505 645 Art dauert mit ihrem fleiſchigen Wurzelſtocke aus
915 638 1583 680 genothigt wird, um ihn zutineſelbſtſtandtgen
1593 641 1688 680 flanze
1709 639 2498 678 der aber im Winter hoch mit Erde oder Laub gc
914 672 1687 714 zu erheben. u dieſem Behufe bringt man die
1709 672 2513 711 deckt werden mu Vermehrung durch Samen oder,
914 704 1686 748 Stelle, an welcher ſnch die Wurzeln entwickeln ſollen,
1710 708 2517 746 wenn man bereits im Btz eines mannlichen und
915 740 1684 783 in die dem Wurzelleben angemeſſenen Verhaltniſſe
1713 744 1789 777 (1es
1801 741 2520 786 weiblichen Cremplars iſt, duch die auf der
915 773 1683 816 Feuchtigkeit und Schutz gegen das Licht Die Ver
1712 775 2257 820 Erde hinlaufenden eingewurelten
2267 778 2381 820 wete
914 808 1701 851 mehrung duich Ableger iſt an kene Jahreszeit ge
1740 810 2207 851 Abraumſalze, ſ. Kaltdunge
915 843 1692 885 bunden. Gcwohnlich benutzt man dazu diefenigen
1724 840 2507 883 Abronia umbelIat ninc zu den Neta
915 876 1687 918 Zwege, welche dem Stamme dem Boden nahe ent
1712 877 2507 920 ineen gerechnete, niedergeſtreckte oder ſchwach tlt
915 912 1208 950 ſpringen. Treiben
1226 914 1685 953 am Wurzelhalſe der zu ver
1711 913 2507 951 ternde Perenne Kaliforntens mit angenehm duften
916 945 1099 982 mehrenden
1108 946 1692 987 flanze viele junge weige freiwillig
1713 945 2520 987 den, in Doldenſtraußchen ſtehenden lumen, welche
916 980 1691 1020 aus ode nachdem man jene eines Theils ihc Aejte
1713 980 2519 1020 vo ihrem Aufbluhen m eine aus 5— t, ſchuppigen
916 1013 1689 1052 beraubt hat, ſo behaufelt man dieſe Triebe odet
1714 1014 2520 1054 Blattchen beftehenden vulle verborgen ſind, ie find
916 1046 1690 1087 legt ſie, wenn ie Ende Mai am Grunde ctwas
1714 1049 2508 1087 rohrig und haben einen ur funf hezoorni ns
917 1080 1686 1122 veholzt ſind bogenformig in eine am Boden hie
1715 1081 2509 1122 geſchnittenen Lappen beſtehenden Saum, ſie ſind lila
916 1113 1691 1152 fur bereitete Rinne und bedeckt ſne mit fruchtbare
1715 1116 2503 1155 oſenroth, mit einem helleen Flecken am Schlunde
916 1147 1687 1188 Cde Dicſe Art der Vermehrnng eignct ſich vor
1716 1148 2502 1190 Atragrans Vtt, von de Oſtſeite der Felſenge
917 1182 1686 1223 zugs weiſe fut Haſelnuß, Beerenobſt und Zur
1716 1180 2510 1225 birge, hat große Dolden rein weiß,er, ſehr wohl
916 1216 1692 1256 ſtrauchr dem Cinlegen kann man di weige
1715 1215 2521 1261 icdeder Blumen Beide Arten werden zwetfahrig
916 1245 1694 1294 an der Stelle, an der man Wurzeln zu erzeugen
1714 1253 2508 1292 kultiirt, indem ſne im Auauft aurgeſact di Pflanz
917 1283 1520 1325 wunſcht, mit einem Draht ſchnuren,
1531 1288 1691 1324 einkerben,
1716 1287 2521 1325 chen in opfen froſtfret uberwintert und Ende Mai
919 1319 1522 1356 ingeln oder wie bei den Gatennelken
1535 1321 1689 1358 zur Halfte
1718 1321 2523 1360 in leichten Boden und in warmer Lage z B gegen
917 1350 1520 1392 cinſchneiden, nach oben (inſchlilen und
916 1385 1520 1424 ſtelle klaffend erhalten, was Alles dazu
1533 1353 2509 1397 die SPalt ein Spalet voteine nach Snden geleaenen Mauen
1528 1387 2002 1428 dient, den gepflanzt werden.
918 1418 1798 1460 Saftzufluß zu hemmen, aber nicht ganz aufzuheben Ab
1811 1413 2341 1459 augeln, Abſaugen, ſ Ablattiren
917 1451 1797 1494 Den abgclegten Zweig halt man durch ubergeſteckte Ab
1810 1451 2522 1497 enken, f Ableget, auch Vermehrung von
916 1481 2125 1533 holzerne Hatchen in ſeinen Lage feſt und die freie Frucht und Ziergeholzen
917 1519 1694 1562 Spit,e bindet man an einem Stabchen auf. Bei
1728 1515 2520 1564 Abſtand. - Bei der Verbindung gleichartige oder
917 1555 1334 1592 volen Gehoſ en brauchen
1345 1556 1690 1595 die Ableger zur voll
1718 1555 2513 1598 unglechartiger Gewachſe tiee lnhettlichen Pflan
916 1589 1336 1628 tommenen Bewrzeſung ein
1348 1589 1694 1629 Jahr, bei anderen zwet
1717 1587 2514 1631 zung hat man den Raum in das Auge zu faſen,
919 1623 1331 1667 Jahr, enige etzelgen av
1347 1623 1433 1662 altem
1442 1624 1694 1668 Holze nicht leicht
1716 1623 2512 1668 deſſen die betroffenden Pflanzen zu ihrer voll
1837 1657 2523 1699 tommenen Entwickelung und Aubrettung
1846 1688 2520 1732 bedurfen Das Maz hiorfur iſt imme der
1845 1725 2523 1765 prattiſchen rfahnn zu entnchmen und
1847 1759 2524 1799 wird gewohnlich als Abſtand vder auch
1847 1791 2506 1835 als Pflanzweit bezeichnet Jn dicſem Be
1135 1840 1178 1867 9
1845 1826 2523 1868 tracht weichen die verſchtedenen Arten und
1850 1860 2526 1902 Spielarten der Nutz nnd Ziergewachfe oft
1847 1895 2522 1937 eheblich von einandet ab Wahrend der
1592 1960 1612 1982 1
1846 1929 2525 1971 kleine Erfurter Wirſing mit einem Abſtande
893 1984 992 2032 2
1591 1979 1615 2000 .
1847 1965 2515 2005 von 4m gepflanzt wird, nuf, der d
1544 2001 1626 2030 —
1850 1997 2526 2037 Vatus cinen Abftand von tmmbtvl
1847 2030 2515 2072 nach fedet Seite hin erhalten. Das Maiſpitz
1846 2066 2520 2108 kraut wid50 das Brauuſchweter Krautt 0
1665 2092 1735 2124 l
1848 2098 2514 2140 da Hollandiſche rothe — —hem weit aus
1849 2133 2529 2176 einandengeflanzt Jn derfelben Weiſe muſſen
921 2194 2518 2245 Wurzeln, deſto beſer aus noch trautigen Zweig auf d von ihnen zu ereichenf Dimenſionen ans
1842 2169 2529 2210 die Pflanzſtellen fur Obſtbaume mit Ruckſicht
921 2233 1696 2277 theilen, z Bdie Brombecre. Will man aber de
1724 2238 2532 2279 geſtectt werden. So nimmt man fut Kernobſt an
920 2268 1695 2312 folges ſicher ſein, ſo muß die rde duch zeit
1726 2272 2532 2312 Straen und in Baumgaten, m auch hicL ein
921 2304 1698 2345 weiligcs Begteſ,en und duch Bedeckung mit kurzem
1724 2307 2532 2346 Beiſpiel anzufuhren nach allen Seiten hin (iten
922 2339 1694 2382 Mit fiiſch erhalten werden e vollkommen be
1724 2339 2532 2381 Abftand von 0 m an in gerincerem Boden n
921 2373 1694 2415 wulten we wetden zut gewohnlichen Vor
1724 2374 2095 2414 dem (s fette Raturlichett
2107 2376 2529 2418 ttenfioifetn nicht (rttcht,
921 2409 1300 2451 pflanzzeit abgeſchnitten
1723 2409 2089 2445 blos 8—m Daſſelbe
2099 2409 2522 2450 gilt auch fur Suzkirſchen
931 2433 1695 2487 Abmvofen, Auputzen hochſtammiger Obſt
924 2471 1057 2513 baume.
1724 2438 2534 2483 Auf Feldern und Triften, wo alſo noch auf eine
932 2505 1125 2549 Abnehmen
1137 2508 1195 2550 des
1201 2501 1702 2555 Obſtes, ſ Obſt, Reife und Crnte
1727 2475 2534 2516 andere Bodennutung Ruckſicht zu nehmen it, pflanzt
891 2538 1084 2583 deſſelhen
1728 2509 2534 2550 man da Renobſt 18 n a einande wetſchen
1727 2541 1789 2578 und
935 2570 1699 2615 A vir1dflora d. ine zu den
1728 2574 2299 2616 den Wallnu,baum 1—ll benſo
1798 2541 2298 2581 flaien ſett man —
2315 2544 2524 2583 areinanden,
927 2610 1703 2653 curbitaceen gehötige Kletterpflanze aus Sudamettka,
1728 2608 2294 2652 ſtant Sauetttſchen crhalten auf
2312 2579 2525 2615 die(dle R
2308 2611 2535 2649 Feldern nnd
927 2645 1705 2685 deren ſtart veraftelte Stengcl in kurzenrZeſt eine
1730 2643 1934 2681 Tiften einen
1944 2643 2532 2683 Ahitand von m an Wegen blos
928 2677 1702 2718 Hohe von .— 6m erreichen nd den ih zur Stutze
1729 2676 1932 2715 einen ſolchen
1944 2674 2535 2720 von m Jn Hausgarten pflanzt
927 2710 1702 2752 eebenen Gegenſtand mit ih tof und fen z1
1729 2712 2527 2753 man gern atme mit chwacher Kronetbildun
927 2745 2527 2788 theilten Belaubung in den anſprcchendſten Wee wetſchen nneiner Entfernung von 10 0 m, alle
927 2778 2439 2821 nberziehen Tie grunlich weiſen lumen ſind wohl ubriaen htbaumaattungen mit dem doppelten
2446 2783 2525 2819 Ab
930 2805 2434 2858 iechend Die Pflanz ift dioeiſcd h die mann tande in lcite oden mit inan Abſtande
2448 2818 2535 2854 Pon
