1157 1833
508 152 696 238 Warer
728 155 969 238 bericht

378 247 440 320 iſt
442 247 657 313 fleyſch
650 247 678 320 /
678 269 795 308 was
825 260 939 319 aber
968 276 1119 320 vom

375 314 529 373 Geyſt
549 316 755 375 geboren
775 321 877 383 iſt
856 314 879 397 /
903 329 1002 380 das
1025 331 1087 393 iſt
1115 378 1120 398 ö

373 373 568 435 Geyſt
546 373 575 450 /
579 382 729 434 Denn
740 387 839 450 das
851 392 954 440 wir
973 400 1119 450 zum

342 437 677 503 warhafften
699 444 831 498 leben
891 454 1096 515 gebracht

188 546 190 550 c
352 503 571 556 werden
584 516 614 559 /
629 508 697 568 iſt
717 521 835 562 vom
895 518 1084 580 heyligen

368 563 524 627 Geyſt
534 577 563 620 /
575 577 715 622 vnud
735 576 867 635 nicht
879 582 977 641 auß
987 586 1123 636 des

50 627 638 687 ſtſiterblichen
669 627 812 705 Adams
841 674 1081 680 fleyſch.

344 753 782 823 Auguſtinus
792 769 900 819 vnd
911 769 1099 841 etliche

180 803 237 881 der
239 808 347 875 ber,
362 822 537 872 andere
547 827 791 893 verſtehen
805 836 904 883 das
911 835 1117 898 fleiſch

177 880 348 955 gat.
361 881 441 939 fuͤr
452 883 637 944 Chꝛiſti
658 890 819 949 fleyſch
830 903 862 944 /
873 899 970 946 das
980 901 1069 952 der

175 926 201 957 5
356 942 608 1016 verſtandt
620 949 649 1010 ſey
696 965 711 1011 /
712 955 809 1005 das
818 953 995 1019 Fleiſch
1005 962 1067 1025 iſt

351 1008 456 1072 kein
473 1008 597 1084 nutze
613 1008 809 1084 /nemlich
837 1022 962 1081 alſo/
991 1027 1064 1084 wie

43 1083 337 1129 Caßperuat
350 1076 406 1123 es
415 1076 495 1123 die
506 1074 836 1138 Capernaiten
850 1085 1062 1144 verſtun⸗

166 1127 234 1154 ten.
347 1137 471 1185 den
445 1127 467 1206 /
483 1140 640 1190 Dann
651 1143 813 1202 fleyſch
835 1143 1057 1212 verſtun⸗

344 1200 440 1247 den
463 1195 670 1254 ſie
550 1195 565 1274 /
593 1195 667 1254 wie
692 1217 747 1253 es
767 1217 841 1263 zur
862 1235 1106 1274 fleyſch⸗

341 1258 488 1314 banck
503 1260 717 1323 bereytet
743 1275 758 1318 /
792 1274 897 1328 vnnd
925 1279 1050 1334 auß⸗

337 1320 586 1386 gohawen
598 1328 833 1385 wirdt
770 1320 796 1391 /
839 1339 906 1384 vnd
918 1334 1051 1403 nicht

335 1392 437 1438 das
449 1386 836 1447 lebet
580 1386 608 1459 /
634 1386 797 1447 Daruimnb
844 1395 991 1457 iſts
996 1403 1046 1459 alſo

331 1451 502 1514 geſagt
512 1457 873 1515 worden
733 1451 759 1522 /
783 1451 877 1522 Das
889 1462 1043 1590 N
1072 1476 1073 1479 8

396 1555 404 1561 5
970 1541 989 1577 1
