2790 4041
224 413 334 425 —

765 352 1004 422 Sechſtes
1015 354 1162 421 Buch
1199 359 1200 413 /
1232 356 1450 416 Blumen
1461 357 1709 417 ⸗Garten.

2115 356 2267 435 888

297 441 334 474 P.
346 445 556 500 Augufinus
566 428 769 483 NManqdirola
785 450 913 489 will
866 428 873 500 /
879 428 913 500 es
928 447 1024 497 ſolſen
1036 449 1070 488 in
1077 444 1218 492 Garten

220 483 314 538 ween
322 487 418 542 Plaͤtz
429 494 646 554 abgeſondert
657 496 747 545 ſeyn
731 490 748 554 /
756 498 809 552 ein
816 503 907 554 gantz
917 498 1039 546 freyer
1031 490 1049 554 /
1047 508 1152 547 gegen
1163 502 1219 540 der

223 542 361 579 Sonnen
371 553 384 582 /
398 553 454 582 um
465 545 498 585 in
509 545 816 596 Fruͤlings⸗Zeiten
828 552 879 588 die
895 558 930 587 in
937 547 1134 597 Geſchirren
1147 551 1216 590 und

209 578 359 629 ſrdenen
375 588 538 644 Gefaͤſſen
557 596 701 646 ſtehende
712 592 900 646 Gewaͤchſe
917 600 1032 638 darein
1047 607 1084 646 zu
1101 597 1217 646 ſetzen
1198 588 1217 646 /

216 630 276 668 fand
292 636 374 684 deſto
394 643 492 691 beſſer
507 641 561 693 fuͤr
579 646 635 685 der
660 644 851 695 ſchaurigen
867 647 955 695 Lufft
970 657 1008 702 zu
1023 646 1216 706 bewahren.

220 669 293 741 Der
303 691 423 739 andere
430 692 527 743 Platz
537 693 590 743 ſoll
600 693 842 746 ſchatticht
782 687 845 750 ſeyn
866 709 876 738 /
884 706 940 737 um
952 698 1003 737 die
1010 692 1187 762 Gewaͤchſe
1204 709 1215 740 /

220 731 257 784 in
282 736 383 785 heiſſen
392 741 572 785 Sommer
588 746 721 792 daſelbſt
730 754 766 793 zu
778 748 944 794 erhalten
931 731 951 799 /
961 749 1034 799 und
1051 749 1104 793 ſuͤr
1112 749 1214 788 uͤber⸗

219 767 341 843 ſüͤſſger
350 786 517 850 Sonnen⸗
527 786 597 850 Hitz
608 795 695 845 deſto
703 793 855 845 füäglicher
864 808 902 846 zu
910 797 1100 853 verſichern.
1143 799 1212 847 Iſt

217 832 287 869 aber
298 842 406 887 etwan
426 844 480 883 ein
494 844 590 886 Ort
574 832 593 896 /
604 848 659 886 der
667 854 761 894 zwar
772 845 976 895 gelegenſam
989 848 1078 893 (wie
1088 850 1211 896 gemel⸗

220 872 289 928 det)
308 882 487 936 lage
393 872 406 944 /
424 882 487 936 aber
505 895 609 943 nichts
628 898 808 944 taugliches
827 899 907 937 oder
924 903 1022 951 gutes
1035 908 1057 953 /
1074 897 1211 944 ſondern

220 929 314 986 Evan
326 943 477 990 moraſtig
487 938 605 985 ware
591 929 606 1003 /
623 946 660 995 iſt
675 947 850 994 derſelbige
868 946 989 996 erſtlich
1001 952 1063 1002 mit
1071 946 1219 1003 Sand
1200 929 1219 1003 /

262 983 320 1022 lein
338 993 405 1029 und
426 992 541 1040 grober
560 994 698 1038 Erden
689 983 702 1046 /
719 997 787 1036 und
800 994 933 1044 darauf
940 995 1136 1046 Knie⸗tieff
1144 1005 1219 1042 mit

338 1445 456 1496 Buch
456 1445 611 1504 allbereit
629 1445 772 1504 Anregung
802 1453 1052 1501 geſchehen
964 1445 982 1504 /
992 1445 1055 1504 will
1063 1457 1131 1504 ichs
1143 1458 1207 1496 all⸗

353 1497 420 1544 hier
439 1498 523 1544 deſto
535 1496 651 1553 küͤrtzer
661 1501 799 1549 machen
813 1514 826 1542 /
843 1506 909 1542 und
924 1505 1038 1551 indem
1050 1507 1100 1546 die
1118 1542 1219 1546 Kiel⸗

220 1534 273 1582 und
282 1539 648 1595 Blumen⸗Gewaͤchſe
659 1549 932 1598 unterſchiedener
941 1552 1105 1598 Naturen
1157 1561 1205 1592 et⸗

220 1570 280 1643 liche
291 1588 403 1636 fettes
394 1584 406 1651 /
412 1596 519 1642 etliche
532 1604 668 1645 magers
678 1598 835 1647 Erdreich
848 1602 955 1647 haben
966 1604 1117 1643 wollen:
1138 1604 1218 1651 Al⸗

217 1621 245 1696 bo
254 1636 291 1686 ſt
305 1651 365 1701 am
371 1644 554 1692 ſicherſten
544 1640 567 1701 /
562 1648 622 1686 des
635 1648 969 1695 Blumen⸗Gartens
978 1653 1122 1696 Grunde
1140 1651 1218 1701 ſeye

250 1688 450 1745 ittelmaͤſſig;
476 1695 512 1745 iſt
521 1705 558 1736 er
574 1705 635 1745 gar
653 1708 689 1757 zu
704 1702 788 1746 gail
777 1694 789 1757 /
800 1698 832 1749 ſo
852 1702 947 1751 ſetzen
966 1704 1017 1742 die
1029 1702 1208 1751 Pflantzen

222 1724 308 1777 ſiarck
316 1750 351 1789 zu
366 1744 521 1794 machen
537 1748 603 1788 viel
610 1747 755 1792 Blaͤtter
771 1753 840 1790 und
857 1753 963 1801 wenig
972 1753 1154 1799 Blumen
1132 1740 1149 1802 /
1178 1750 1210 1802 ſo

222 1773 306 1843 pflegt
316 1795 396 1839 auch
404 1798 471 1836 das
480 1793 661 1839 Kielwerck
676 1800 752 1839 bald
763 1803 921 1858 darinnen
935 1814 970 1851 zu
981 1804 1119 1855 faulen;
1144 1805 1209 1853 Iſt

224 1833 290 1873 Ver
302 1839 356 1892 der
368 1843 494 1887 Grund
508 1856 569 1893 gar
578 1855 616 1895 zu
633 1845 712 1889 duͤrr
727 1851 793 1889 und
804 1851 967 1903 unſaͤfftig
979 1865 991 1895 /
1008 1855 1032 1900 ſo
1041 1854 1106 1895 kan
1116 1863 1149 1895 er
1157 1857 1211 1895 die

223 1888 444 1944 Werpflegung
454 1895 533 1941 nach
544 1893 711 1945 Genuͤgen
718 1888 795 1952 nicht
807 1912 944 1951 leiſten;
969 1905 1008 1952 iſt
1015 1905 1112 1951 gleich
1124 1907 1212 1944 einer

224 1917 345 1992 Anmen
363 1954 381 1982 /
403 1944 503 2001 deren
525 1936 646 2001 Bruͤſte
661 1949 847 1994 verſeigen
847 1936 865 2001 /
869 1957 970 1990 wann
987 1951 1033 1999 ſie
1049 1953 1100 1991 ein
1116 1953 1211 1993 Kind

234 1985 328 2030 augen
340 1992 408 2032 und
430 1994 589 2040 ernaͤhren
603 1995 695 2042 ſollen
716 2006 719 2035 /
735 1998 855 2049 darum
864 2002 950 2039 alles
962 2000 1046 2040 klein
1054 2002 1120 2042 und
1131 1998 1214 2043 duͤrr

278 2033 329 2102 den
341 2044 360 2079 /
364 2033 450 2092 auch
462 2043 584 2092 letztlich
593 2054 657 2093 gar
672 2046 850 2087 verderben
862 2049 962 2098 muß.
1002 2102 1006 2107 i

250 2096 381 2154 Von
397 2105 477 2147 dem
486 2106 615 2150 Grund
635 2116 674 2156 zu
685 2109 748 2149 den
757 2109 940 2157 Welſchen
948 2105 1120 2156 Baͤune
1090 2096 1104 2162 n
1130 2109 1215 2162 ſingt

224 2130 310 2194 Joh.]
313 2154 462 2202 ovlanus
469 2160 650 2195 Fontanus
660 2160 924 2208 Neapolitanus
938 2162 998 2199 lib.
1008 2175 1034 2199 1.
1045 2161 1214 2214 Heſperi-

226 2182 285 2240 dum
303 2196 392 2249 alſo:

296 2273 353 2288 D
370 2262 494 2302 butres
511 2264 638 2314 glebæ,
654 2261 793 2317 quæquè
816 2276 955 2319 æquora
977 2268 1094 2309 raſtris

220 1379 451 1530 We
468 1404 533 1439 von
544 1399 619 1440 dem
631 1399 760 1444 Grund
773 1404 820 1443 im
828 1401 974 1445 vierdten
988 1407 1051 1445 und
1058 1401 1220 1456 fuͤnfften

300 2393 344 2408 8
647 2377 741 2414 rem,

306 2406 384 2449 Nec
394 2412 482 2451 mihi
499 2412 680 2465 diſpliceat
697 2416 862 2457 ſalebroſi
875 2418 993 2469 glarea
1004 2420 1114 2465 ruris,

304 2455 469 2513 Quæquè
488 2463 560 2502 ſolo
572 2468 667 2504 tenui
681 2469 832 2516 graciles
845 2471 1005 2507 imitatur
1016 2480 1162 2507 arenas:

306 2507 344 2544 Si
353 2513 465 2551 modo
477 2514 565 2565 ſæpe
580 2514 666 2554 fimo
677 2517 858 2568 ſpargas,
840 2507 876 2570 ſi
875 2523 1025 2570 pronior
1037 2522 1130 2558 unda

291 2560 431 2610 Diluat
446 2564 517 2614 ipſa
538 2565 664 2615 ſuper,
678 2560 835 2619 ſætusquè
856 2560 999 2619 inſtillet
1011 2579 1052 2607 ut
1063 2571 1188 2609 Imber.

224 2643 246 2683 0
290 2609 379 2657 Viel
391 2619 461 2668 ſind
472 2622 529 2663 der
537 2623 719 2671 Meynung
723 2609 736 2680 /
754 2609 805 2680 die
817 2625 901 2676 beſte
908 2627 1025 2671 Erden
1033 2629 1104 2676 ſey
1092 2609 1105 2680 /
1113 2630 1165 2670 die
1179 2632 1213 2670 in

224 2656 313 2735 8
322 2665 488 2722 Kuchen⸗
497 2672 636 2726 Garten
652 2673 748 2722 ſchon
766 2677 819 2716 ein
830 2677 929 2726 Jahr
942 2683 1101 2727 getragen
1111 2689 1137 2739 /
1149 2681 1214 2732 daß

241 2708 292 2787 08
306 2719 370 2757 mit
387 2720 582 2775 derſelbigen
604 2724 665 2762 den
704 2723 859 2780 Blumen-
875 2715 987 2786 Garten
1029 2730 1214 2777 beſchuͤtte
1195 2715 1214 2786 /

224 2753 366 2837 garen
375 2769 425 2811 die
432 2770 570 2820 Dunge
582 2767 674 2820 ſchon
686 2772 747 2822 ſich
758 2777 820 2815 mit
834 2777 908 2818 dem
918 2778 1068 2823 Grunde
1077 2784 1218 2823 vereini⸗

274 2800 345 2863 hat
335 2800 348 2874 /
353 2820 423 2870 und
439 2823 537 2861 deren
551 2823 627 2867 rohe
653 2821 707 2863 Art
725 2827 780 2863 und
793 2825 933 2874 ſtarcker
941 2829 1099 2879 Geruch
1083 2815 1101 2879 /
1117 2835 1215 2878 durch

257 2858 367 2917 alrier
366 2858 386 2926 /
382 2867 504 2920 Regen
517 2872 583 2913 und
593 2871 850 2924 Sonnenſchein
867 2880 1041 2926 gemildert
1058 2883 1126 2923 und
1140 2890 1216 2925 ver⸗

223 2893 307 2946 ſchret
323 2910 381 2962 iſt.

220 2968 273 3050 In
285 2964 420 3019 Wann
430 2978 480 3021 die
489 2980 582 3025 Erde
590 2988 625 3030 zu
641 2976 678 3042 gut
701 2976 740 3042 iſt
751 2992 756 3021 /
760 2981 904 3033 taugt
872 2976 922 3042 ſie
913 2987 1008 3035 mehr
1015 2986 1080 3029 den
1087 2987 1213 3036 Wur⸗

279 3016 345 3058 und
353 3024 503 3071 Zwibeln
514 3031 767 3079 Beyſaͤtze
705 3027 775 3092 als
779 3033 981 3084 Blumen
935 3027 970 3092 zu
993 3037 1116 3090 geben;
1127 3042 1164 3092 ſſt
1171 3041 1212 3091 ſie

223 3090 250 3132 du
276 3063 385 3125 ſlecht
395 3088 410 3133 /
427 3074 460 3128 ſo
469 3079 566 3120 bleidt
582 3082 667 3121 alles
679 3080 795 3127 ſtecken
817 3091 821 3122 /
835 3085 954 3125 darum
965 3097 981 3125 /
989 3088 1055 3128 wie
1066 3091 1145 3131 olon
1157 3104 1212 3140 ge⸗

219 3116 322 3208 Gan
332 3123 368 3179 iſt
378 3126 449 3172 hier
459 3133 533 3180 das
544 3131 667 3173 Mittel
675 3139 712 3179 zu
724 3133 912 3187 erwehlen;
937 3137 1038 3184 daher
1048 3148 1131 3181 man
1151 3145 1212 3181 den

224 3201 290 3251 5
313 3167 350 3211 de
361 3176 375 3222 (
384 3178 448 3218 wie
460 3179 519 3226 bey
539 3167 599 3242 dem
618 3180 751 3229 Feldbau
771 3188 819 3221 im
832 3181 1004 3230 ſiebenden
1033 3167 1113 3242 Buch
1131 3193 1211 3233 wird

219 3246 279 3293 fla
291 3214 337 3263 ht
347 3229 505 3277 werden)
518 3233 656 3279 vorhero
667 3231 821 3279 probiren
831 3232 911 3274 kan
896 3214 911 3293 /
920 3236 1028 3290 davon
1042 3244 1077 3276 P.
1087 3243 1209 3278 Ferra-

226 3289 285 3344 —
295 3262 333 3306 in
341 3272 440 3316 Flora
450 3278 512 3316 ſuà
529 3282 589 3318 lib.
605 3292 631 3320 I.
643 3295 720 3331 cap.
732 3289 762 3319 6.
771 3281 842 3331 alſo
853 3282 1033 3333 ſchreibet:
1058 3288 1210 3339 Exprel-

222 3323 254 3387 a0
293 3308 448 3378 Parentis
457 3332 671 3380 Exemplum
682 3333 757 3369 Filii
770 3332 859 3369 ſunt.
909 3337 941 3370 Si
954 3338 1080 3383 plantæ
1100 3343 1209 3379 deco-

287 3371 301 3396 i
329 3376 511 3432 exilesquè
522 3382 740 3429 aboriantur,
750 3394 922 3431 macram;
947 3384 972 3423 ſi
984 3389 1210 3439 viridiſſimæ,

1244 456 1300 490 tes
1314 453 1386 490 und
1404 451 1664 513 unfruchtbares
1673 453 1835 504 Erdreich
1852 453 1949 505 haͤtte
1979 469 1980 499 /
2004 461 2070 502 kan
2087 471 2173 503 man
2192 466 2256 508 den

1242 500 1345 558 Platz
1364 500 1541 558 Knie⸗tieff
1550 502 1735 558 beſchuͤtten
1750 506 1811 554 mit
1824 512 1916 553 guter
1935 508 2038 552 Acker
2056 514 2132 551 oder
2141 515 2255 558 Wie⸗

1243 550 1454 599 ſen⸗Erden
1436 550 1453 606 /
1465 553 1498 591 in
1505 554 1568 591 den
1576 553 1688 603 Form
1697 552 1896 605 abhaͤngicht
1904 559 1985 598 oder
1996 558 2091 600 eben
2087 550 2103 606 /
2102 563 2164 602 wie
2174 574 2256 606 man

1246 602 1299 646 ihn
1315 600 1392 660 haben
1417 603 1486 642 will
1502 610 1513 643 /
1527 604 1603 650 doch
1614 604 1741 653 daß
1695 600 1747 660 die
1748 605 1864 648 Erden
1876 608 1987 656 vorher
2007 610 2058 650 wol
2076 613 2254 660 durchgra⸗

1242 650 1328 691 ben
1316 649 1334 713 /
1344 658 1414 690 von
1430 649 1532 713 allen
1556 649 1700 713 Wurtzen
1718 665 1726 694 /
1740 656 1899 701 Steinen
1919 660 1992 698 und
2013 660 2162 701 Unkraut
2187 664 2259 713 auf

1241 702 1309 740 das
1321 702 1575 751 allergenaueſte
1588 704 1766 754 gereiniget
1789 705 1839 754 ſey
1851 715 1872 746 /
1902 709 1971 747 und
1984 707 2104 758 ſolches
2128 712 2181 756 ſoll
2204 714 2252 753 im

1239 751 1371 799 Herbſt
1383 749 1557 798 geſchehen
1581 762 1582 792 /
1598 753 1710 793 damit
1731 749 1784 808 der
1810 749 1911 808 Grund
1934 764 2002 797 von
2017 760 2072 799 der
2082 760 2250 804 Winter⸗

1238 800 1391 848 feuchten
1402 802 1467 840 und
1473 799 1614 849 Gefrier
1620 804 1803 850 gemildert
1811 806 1881 854 und
1892 805 2085 857 befeuchtet
2078 799 2090 859 /
2093 812 2177 859 deſto
2193 811 2250 852 be⸗

1237 857 1375 898 quemer
1396 847 1531 890 komme
1546 858 1565 890 /
1588 849 1630 904 ſo
1655 852 1722 893 kan
1744 853 1817 904 auf
1832 854 2004 904 folgenden
2031 854 2175 910 Fruͤling
2200 864 2250 903 die

1241 899 1467 948 Austheilung
1480 898 1570 954 deſto
1585 901 1741 950 beſſer
1713 898 1752 955 an
1755 904 1811 944 die
1818 905 1938 954 Hand
1947 918 2145 955 genommen
2163 920 2249 952 wer⸗

1238 951 1320 990 den.
1360 949 1456 991 Vor
1464 950 1555 999 allen
1563 950 1598 996 iſt
1619 949 1687 1008 auch
1702 949 1787 1008 dahin
1808 964 1845 1002 zu
1856 954 1948 1002 ſehen
1955 968 1971 997 /
1980 958 2046 1008 daß
2056 959 2125 1000 kein
2133 962 2250 1004 Man⸗

300 2308 420 2350 Molle
433 2313 579 2362 ſonent,
592 2313 753 2355 fuidum
762 2317 868 2357 facilè
883 2320 1078 2360 admiſſura
1089 2324 1227 2373 liquo-

1242 998 1292 1049 gel
1323 1006 1352 1038 an
1356 996 1507 1048 Waſſer
1514 992 1567 1048 ſey
1584 1008 1592 1039 /
1604 1001 1757 1050 welches
1766 1008 1862 1043 unter
1873 1005 1929 1044 die
1947 1008 2173 1057 vornehmſten
2185 1012 2249 1055 Ei⸗

218 1027 342 1092 zemuch
357 1047 440 1086 guter
460 1043 515 1082 und
531 1043 788 1094 mittelmäſſiger
796 1046 964 1101 Feld⸗und
975 1045 1220 1104 Acker⸗Erden
1217 1041 1224 1111 ]
1238 1047 1465 1098 genſchafften
1481 1050 1576 1092 eines
1592 1045 1730 1100 ſchoͤnen
1748 1053 1818 1095 und
1832 1053 2001 1104 zierlichen
2025 1057 2190 1104 Gartens
2210 1070 2250 1111 zu

218 1077 249 1117 zu
260 1081 402 1134 erfüllen
396 1073 415 1146 /
416 1093 493 1136 oder
500 1102 608 1137 wann
618 1105 645 1138 er
655 1094 850 1146 ſteinichtes
842 1090 858 1151 /
859 1094 1076 1146 ſandichtes
1051 1090 1067 1151 /
1161 1098 1214 1147 laimich⸗
1226 1059 1399 1154 feacnen.

1075 1203 1370 1260 SV.

719 1285 879 1350 Vom
901 1287 1082 1353 Grund
1098 1294 1181 1355 des
1225 1286 1431 1354 Blumen
1449 1285 1719 1359 ⸗Sartens.

1239 1401 1413 1456 ſolitoque
1423 1404 1618 1447 folioſiores
1629 1409 1839 1457 luturient,
1848 1412 2110 1465 præpinguem;
2135 1416 2161 1453 ſi
2172 1428 2251 1455 mo-

1245 1453 1322 1492 dicè
1336 1456 1491 1503 carnoſæ,
1541 1454 1740 1509 ſeſſilesquè
1757 1460 1963 1511 aſſurgunt,
1984 1475 2251 1517 attemperatam

1239 1502 1469 1553 habilemquè
1485 1503 1632 1545 floribus
1659 1502 1783 1561 Humum
1807 1559 2088 1561 ſignifcant.

1316 1548 1403 1597 Alſo
1417 1553 1504 1600 auch
1517 1560 1625 1594 wann
1643 1548 1703 1613 man
1732 1557 1789 1601 die
1800 1557 1916 1601 Erden
1925 1560 1974 1600 im
1984 1560 2136 1611 Waſſer
2145 1572 2254 1613 zerge⸗

1238 1600 1304 1650 hen
1315 1595 1420 1650 laͤſſet
1428 1611 1430 1613 /
1431 1604 1546 1642 und
1512 1595 1545 1663 es
1558 1603 1630 1651 gibt
1637 1605 1699 1644 viel
1707 1604 1898 1653 Schleim
1879 1595 1893 1663 /
1907 1610 1964 1656 iſts
1981 1611 2028 1651 ein
2034 1611 2159 1663 fettes;
2181 1615 2255 1661 gibt

1240 1656 1278 1691 es
1289 1651 1399 1698 wenig
1409 1660 1424 1691 /
1435 1647 1494 1701 iſts
1507 1652 1581 1710 eine
1593 1660 1734 1701 magere
1746 1654 1895 1710 Erden;
1920 1660 2022 1717 daher
2033 1664 2114 1711 auch
2125 1664 2177 1702 die
2187 1668 2255 1703 aus

1243 1701 1308 1742 den
1331 1701 1611 1745 Kraut⸗Gaͤrten
1623 1711 1843 1757 genommene
1857 1708 1951 1751 Erde
1965 1709 2023 1758 fuͤr
2036 1712 2087 1752 die
2094 1712 2256 1755 Blumen

1242 1761 1304 1792 am
1315 1747 1526 1809 taͤuglichſten
1538 1754 1694 1802 gehalten
1709 1754 1809 1797 wird.
1858 1759 1978 1811 Sonſt
1994 1762 2050 1809 hat
2063 1764 2153 1811 alles
2163 1752 2257 1808 Erd⸗

1244 1802 1329 1850 reich
1355 1803 1628 1853 unterſchiedliche
1644 1805 1757 1859 Bette
1785 1809 1855 1849 und
1872 1809 1980 1859 Lager
2009 1811 2228 1863 aufeinander
2241 1824 2258 1855 /

1237 1853 1317 1896 und
1335 1853 1455 1901 welche
1470 1853 1587 1896 Erden
1603 1854 1689 1896 oben
1708 1856 1765 1904 her
1783 1860 1875 1900 einen
1895 1863 1974 1902 oder
1986 1870 2092 1910 zween
2108 1863 2261 1914 Schuhe

1248 1901 1317 1943 dick
1323 1909 1424 1949 guten
1437 1903 1564 1945 Grund
1570 1905 1649 1950 hat
1629 1901 1647 1960 /
1661 1907 1711 1944 die
1719 1907 1758 1954 iſt
1768 1914 1828 1954 gut
1843 1916 1879 1956 zu
1890 1911 1953 1949 den
1961 1906 2188 1960 Gewaͤchſen.

1329 1951 1428 1999 Herr
1451 1951 1560 2000 Peter
1576 1950 1724 1995 Gabriel
1743 1967 1756 1995 /
1780 1952 1903 2006 Fuͤrſtl.
1921 1956 2261 2011 Wuͤrtenbergiſcher

1247 1999 1414 2043 Garten
1424 2000 1607 2056 ⸗Inlpector,
1658 2003 1700 2060 in
1718 2002 1839 2060 ſeinem
1863 2009 2081 2055 allgemeinen
2101 2009 2260 2056 Gaͤrtner

1247 2049 1344 2093 Cap.
1361 2061 1391 2096 3.
1401 2049 1503 2096 ſagt:
1526 2046 1607 2093 Die
1619 2053 1847 2101 untaͤuglichen
1857 2053 2008 2101 Gruͤnde
2026 2067 2101 2109 zum
2120 2060 2261 2107 Garten

1247 2097 1386 2146 bequem
1406 2106 1443 2147 zu
1455 2099 1609 2150 machen
1599 2097 1617 2160 /
1627 2107 1738 2141 wann
1748 2102 1790 2150 ſie
1800 2113 1837 2152 zu
1848 2105 1927 2153 hart
1943 2109 2009 2148 und
2026 2108 2143 2158 ſchwer
2162 2112 2230 2160 ſind
2243 2124 2260 2154 /

1249 2146 1333 2198 muß
1345 2148 1485 2206 man
1428 2146 1482 2209 ſie
1493 2148 1642 2189 arbeiten
1654 2151 1719 2189 und
1734 2151 1857 2192 bauen.
1903 2154 2041 2199 Wann
2060 2158 2102 2208 ſie
2114 2168 2152 2209 zu
2170 2162 2263 2209 leicht

1248 2197 1336 2246 ſind
1324 2196 1342 2257 /
1346 2196 1590 2249 verhaͤrten;
1560 2196 1589 2257 ſo
1601 2197 1691 2250 ſie
1669 2196 1704 2257 zu
1703 2208 1819 2251 mager
1830 2213 1847 2243 /
1855 2204 1985 2251 dungen;
2023 2205 2056 2255 ſo
2067 2207 2107 2256 ſie
2117 2219 2155 2257 zu
2167 2208 2260 2257 fette
2250 2196 2260 2257 /

1226 2251 1350 2255 mager
1380 2248 1501 2315 werden
1523 2249 1655 2303 laſſen;
1680 2252 1712 2299 ſo
1723 2250 1767 2301 ſie
1785 2248 1818 2315 zu
1828 2251 1964 2302 feuchk
1956 2248 1976 2315 /
1977 2252 2200 2315 ausdoͤrren;
2225 2260 2259 2305 ſo

1226 2304 1228 2307 ö
1248 2296 1707 2396 „
1725 2301 1761 2349 ſo
1789 2312 1816 2341 ſie
1828 2311 1868 2352 zu
1883 2297 1954 2362 kalt
1970 2316 1978 2345 /
1987 2303 2199 2358 erwaͤrmen;
2225 2309 2258 2355 ſo

1249 2347 1292 2386 ſie
1318 2356 1354 2394 zu
1355 2353 1487 2394 warm
1505 2346 1711 2399 erfriſchen;
1737 2354 1877 2400 welches
1890 2356 1954 2394 mit
1976 2354 2033 2396 dem
2049 2346 2129 2406 Miſt
2145 2364 2258 2398 unter⸗

1226 2395 1445 2444 ſchiedlicher
1456 2394 1587 2442 Thier
1577 2394 1596 2456 /
1602 2398 1682 2437 oder
1695 2400 1791 2448 durch
1801 2399 2048 2453 Vermiſchung
2063 2407 2155 2456 eines
2171 2408 2257 2453 Bo⸗

1251 2443 1406 2501 dens
1350 2443 1406 2508 mit
1416 2443 1492 2484 dem
1506 2443 1638 2484 andern
1657 2444 1827 2498 geſchehen
1844 2446 1921 2492 kan.
1941 2451 2013 2496 Ein
2024 2452 2258 2508 bernuͤnſſtiger

1252 2493 1409 2538 Gaͤrtner
1429 2495 1520 2534 wels
1536 2494 1617 2543 auch
1630 2499 1726 2538 unter
1742 2500 1804 2539 den
1821 2499 1975 2550 Zwibeln
1992 2507 2062 2545 und
2074 2503 2258 2564 Wurtzeln

1226 2543 1307 2585 der
1318 2541 1601 2592 Blumenſidieſen
1621 2546 1827 2597 Unterſchied
1843 2559 1880 2599 zu
1894 2552 2033 2603 machen
2054 2565 2068 2598 /
2093 2559 2160 2611 daß
2177 2557 2258 2613 dieſe

1253 2596 1301 2635 ein
1315 2592 1414 2642 fettes
1427 2603 1444 2634 /
1464 2594 1529 2642 jene
1546 2594 1617 2635 aber
1639 2598 1690 2638 ein
1707 2600 1834 2654 leichtes
1848 2602 1917 2643 und
1934 2606 2090 2656 geringes
2098 2609 2258 2660 Erdreich

1250 2646 1451 2690 verlangen
1438 2646 1450 2708 /
1468 2647 1568 2695 darzu
1582 2647 1668 2694 auch
1684 2650 1737 2689 die
1745 2650 1996 2704 Verneuerung
2016 2657 2168 2702 kommen
2186 2658 2233 2718 ſoll
2247 2666 2257 2705 /

1227 2695 1320 2744 daß
1332 2699 1415 2734 man
1426 2696 1488 2735 alle
1495 2696 1563 2736 vier
1573 2696 1672 2747 Jahr
1680 2699 1730 2739 die
1737 2699 1855 2744 Erden
1865 2710 1929 2744 aus
1938 2706 2042 2753 jedem
2053 2709 2163 2755 Bette
2171 2716 2258 2755 einer

1251 2745 1433 2793 Spannen
1450 2744 1525 2798 tieff
1532 2746 1655 2795 heraus
1665 2751 1811 2794 nimmt
1791 2744 1810 2807 /
1822 2755 1889 2795 und
1900 2744 2046 2807 friſchen
2063 2744 2153 2807 Grund
2172 2764 2256 2806 wie⸗

1252 2798 1308 2838 der
1317 2796 1428 2844 hinein
1440 2794 1567 2845 ſchuͤtte.
2065 2848 2073 2854 l

1329 2844 1417 2892 Der
1424 2843 1489 2908 alte
1510 2843 1689 2908 Hollander
1701 2843 1849 2908 Emanuel
1867 2854 1879 2889 S
1883 2855 2032 2894 wertius
2040 2852 2256 2908 raͤthet
2163 2843 2183 2908 /
2200 2843 2256 2908 man

1248 2893 1303 2946 ſoll
1311 2898 1344 2936 in
1352 2900 1407 2957 die
1409 2897 1521 2939 Erden
1531 2900 1597 2937 eine
1614 2893 1762 2961 ziemliche
1771 2901 1914 2957 Gruben
1921 2905 2078 2955 machen
2056 2893 2079 2961 /
2087 2906 2186 2968 ſolche
2201 2906 2257 2968 mit

1248 2953 1343 2995 guten
1370 2947 1548 3014 Kühe⸗Miſt
1560 2957 1568 2988 /
1576 2947 1641 3002 und
1651 2954 1746 2995 guter
1758 2949 1944 2999 ſchwartzen
1958 2956 2075 3002 Erden
2091 2960 2255 3014 anfüllen
2238 2947 2255 3014 /

1249 2998 1315 3034 und
1327 2998 1576 3043 untereinander
1585 2998 1720 3052 miſchen
1732 3005 1746 3039 /
1754 2999 1821 3041 und
1837 3004 1910 3045 alſo
1927 3007 1977 3048 ein
1985 3009 2084 3059 Jahr
2093 3013 2176 3062 ligen
2186 3010 2253 3062 laſ⸗

1247 3041 1316 3093 ſen
1303 3041 1316 3110 /
1325 3044 1387 3091 vfft
1396 3044 1474 3101 aber
1481 3049 1731 3103 untereinander
1743 3058 1883 3102 mengen
1894 3067 1911 3096 /
1923 3057 1957 3106 ſo
1969 3056 2079 3102 werde
2091 3070 2174 3104 man
2189 3071 2253 3111 gu⸗

1248 3101 1300 3133 ten
1311 3095 1439 3145 Grund
1446 3094 1636 3136 bekommen;
1685 3096 1717 3147 ſo
1727 3103 1957 3161 zweifelsohne
1975 3094 2061 3161 nicht
2081 3118 2144 3152 vom
2155 3112 2252 3156 Kiel⸗

1242 3142 1347 3184 werck
1361 3144 1499 3198 ſondern
1510 3145 1573 3191 den
1579 3145 1911 3206 Zaſergewaͤchſen
1881 3142 1913 3209 zu
1922 3159 2127 3209 verſtehen.

1328 3193 1431 3249 Item
1440 3203 1457 3235 /
1466 3203 1549 3253 man
1562 3193 1614 3243 ſoll
1624 3200 1791 3252 geſioſſene
1806 3207 1873 3246 alte
1884 3207 2025 3250 Rinden
2036 3217 2099 3251 von
2103 3206 2213 3266 Eychen
2233 3221 2250 3253 /

1246 3244 1429 3299 welche
1381 3243 1437 3308 die
1439 3243 1611 3296 Schuſter
1623 3253 1801 3303 gebraucht
1811 3257 1935 3302 haben
1923 3243 1936 3308 /
1944 3260 2013 3308 alſd
2023 3261 2055 3299 in
2070 3261 2140 3302 eine
2151 3260 2249 3304 Gru⸗

1245 3293 1306 3333 ben
1320 3299 1381 3333 mit
1387 3301 1478 3342 guter
1488 3294 1599 3338 Erden
1612 3301 1832 3352 vermiſchen
1853 3307 1904 3347 ein
1924 3302 1991 3358 Jahr
2026 3308 2111 3357 ligen
2128 3309 2248 3358 laſſen
2229 3302 2248 3358 /

1243 3343 1386 3391 hernach
1399 3343 1623 3400 durchſieben
1610 3343 1629 3408 /
1639 3350 1694 3400 ſoll
1707 3363 1745 3403 zu
1762 3355 2005 3408 Vermehrung
2020 3361 2081 3407 der
2090 3355 2246 3403 Blumen

1248 3391 1316 3443 ſehr
1324 3394 1392 3436 wol
1403 3396 1530 3441 dienen.
1973 3437 1979 3444 .

233 3614 402 3659 —

2070 3591 2242 3664 8
