2826 4003
792 445 1176 540 Vorrede
1097 445 1159 540 an
1186 453 1296 522 den
1308 445 1734 536 großguͤnſtigen
1745 452 1900 538 Leſer.

623 579 710 649 s
834 575 953 643 muß
967 571 1057 641 frey
1068 572 1291 639 bekennen
1309 589 1325 627 /
1334 573 1431 649 daß
1443 578 1520 628 ein
1533 573 1642 643 ſolch
1662 578 1985 646 weitlaͤuffiges
1998 572 2158 635 Werck
2175 592 2266 640 von
2285 588 2362 642 der

727 651 1006 722 economia
1016 657 1070 719 zu
1078 643 1382 720 ſchreiben
1293 643 1316 722 /
1330 643 1393 722 ich
1395 648 1730 703 niemaln
1593 643 1616 722 /
1638 648 1728 703 aber
1739 655 1826 706 wol
1834 663 1914 706 vor
1923 649 2048 717 etlich
2058 656 2151 708 und
2162 661 2362 721 zwanzig

763 720 907 789 ahren
916 720 985 770 die
995 719 1217 790 Georgica
1227 713 1324 780 auf
1332 721 1422 771 das
1434 718 1629 786 kuͤrtzeſte
1641 717 1882 790 Verſweiſe
1894 719 2156 791 aufzuſetzen
2178 725 2360 779 willens

752 787 944 863 eweſen
925 785 947 863 /
962 790 1047 842 wie
1066 787 1131 850 ich
1155 785 1263 842 aber
1284 791 1375 840 das
1388 789 1545 860 letztere
1566 787 1670 844 bald
1687 797 1868 855 geendet
1886 804 1904 844 /
1914 800 2010 848 und
2030 797 2212 858 etlichen
2227 807 2359 861 guten

371 909 438 932 8
605 862 958 928 Freunden
972 864 1064 935 und
1067 856 1403 935 Soͤnnern
1298 856 1322 936 /
1336 856 1398 936 als
1412 858 1800 926 ſondeꝛlich
1647 856 1671 936 /
1685 858 1800 926 denen
1810 866 2001 934 numehr
2009 864 2170 922 beeden
2182 862 2360 936 ſeeligen

362 943 729 1007 Kunſtliebenden
750 936 844 987 und
858 925 1221 996 Ungluͤckſeligen
1232 947 1257 984 /
1268 933 1354 983 wie
1372 931 1484 996 auch
1505 937 1681 988 andern
1703 936 2105 1002 unterſchiedlichen
2116 937 2327 1008 gewieſen
2340 954 2386 1000 /

363 1015 457 1068 und
471 998 572 1080 ihre
606 998 792 1080 Meinung
816 998 1019 1080 verlangt
1041 1009 1056 1054 /
1066 999 1216 1079 haben
1229 998 1286 1067 ſie
1296 1001 1432 1069 ihnen
1444 1012 1567 1068 zwar
1576 1008 1722 1062 meine
1732 1004 1897 1062 Arbeit
1908 1009 2269 1079 nicht
2046 998 2114 1080 miß
2136 1009 2257 1079 fallen
2278 1010 2363 1079 laſ⸗

361 1083 436 1151 ſen
446 1095 467 1147 /
480 1082 583 1145 doch
595 1080 699 1133 aber
708 1074 848 1142 dieſes
866 1069 1086 1152 beygefuͤgt
1109 1069 1196 1152 daß
1217 1073 1483 1137 dergleichen
1494 1078 1658 1141 Seripꝛa
1671 1077 1904 1125 Didactica
1915 1076 2047 1145 beſſer
2062 1086 2156 1136 und
2166 1081 2363 1152 amuthi⸗

347 1164 437 1220 ger
447 1157 484 1208 in
498 1147 755 1216 freyer
654 1139 677 1220 /
699 1139 766 1220 als
765 1142 1048 1210 gebundener
1059 1139 1187 1197 Rede
1210 1139 1360 1220 moͤgen
1388 1139 1617 1220 gehandelt
1648 1139 1827 1220 werden;
1855 1147 1943 1216 alſo
1953 1149 2047 1219 daß
2059 1152 2131 1215 ich
2135 1152 2364 1220 nothwen⸗

357 2035 360 2044 ren
455 2027 480 2070 /
487 2008 634 2066 neben
643 2010 782 2058 denen
795 1997 1045 2048 prodromis
1056 1994 1193 2064 ligato
1207 2002 1433 2059 Sermone,
1446 1997 1711 2083 verfertigen
1725 2013 1750 2068 /
1762 2009 1857 2060 und
1879 2009 1977 2063 dem
1989 2004 2235 2074 guͤnſtigen
2252 2003 2375 2073 Leſer

368 3018 555 3082 geleitet
563 3007 717 3066 werde.
753 3003 793 3047 I
798 2995 914 3046 hales
928 2994 1046 3062 habe
1054 2999 1432 3061 vermeint
1274 2994 1303 3076 /
1324 2999 1425 3061 wann
1444 3001 1520 3052 der
1553 2994 1649 3076 Haus
1675 2994 1802 3076 vatter
1840 3005 1903 3056 die
1910 3002 2119 3072 mehreſte
2128 2999 2231 3072 Zeit
2240 3003 2385 3057 koͤnne

363 1231 439 1293 dig
452 1228 497 1273 in
512 1218 633 1271 broſa
648 1211 1050 1292 Beymerckungen
1060 1211 1312 1296 anhencken
1323 1212 1438 1281 ſolte.
1506 1218 1620 1270 Und
1641 1214 1694 1271 ob
1710 1219 1778 1284 ich
1798 1223 1884 1275 wol
1908 1220 2052 1288 ihrem
2074 1224 2250 1286 Urtheil
2268 1229 2363 1278 und

366 1297 542 1353 Willen
550 1283 669 1367 nicht
676 1284 1176 1367 widerſprochen
1029 1283 1052 1367 /
1075 1283 1160 1367 habe
1188 1285 1289 1366 ichs
1297 1290 1408 1346 doch
1420 1291 1474 1352 zu
1495 1283 1747 1357 vollfuͤhren
1767 1291 1855 1346 viel
1868 1289 1998 1360 Jahr
2015 1293 2363 1362 aufgeſchoben
2332 1283 2361 1366 /

363 1371 444 1437 biß
458 1369 525 1431 ich
544 1363 693 1427 letzlich
704 1359 814 1422 mich
836 1358 948 1425 ſamt
959 1360 1044 1410 den
1054 1352 1377 1433 Meinigen
1312 1352 1367 1437 in
1398 1361 1467 1413 die
1476 1361 1722 1429 vornehme
1735 1358 2011 1431 Kayſerliche
2030 1361 2145 1434 freye
2161 1363 2375 1435 Reichs
2350 1352 2374 1437 /

367 1426 481 1512 ſtadt
513 1426 756 1512 Regenſpurg
798 1426 973 1512 begeben
996 1428 1021 1484 /
1031 1427 1127 1481 und
1137 1428 1320 1482 allda
1513 1436 1666 1499 e

519 1506 923 1541 —
1029 1519 1105 1526 —
1210 1519 1211 1524 —
1337 1521 1424 1528 —
1500 1498 1657 1568 91.
1691 1532 1856 1534 M,

773 1570 979 1629 Otia,
1000 1566 1053 1622 &
1066 1568 1302 1635 eemptum
1320 1574 1430 1618 curis
1442 1573 1719 1637 gravioribus
1749 1594 1765 1622 æ
1768 1590 1903 1625 ums

369 1653 520 1725 haben
533 1655 625 1707 und
640 1640 850 1714 genieſſen
871 1641 1046 1694 koͤnnen
1051 1655 1081 1725 /
1091 1639 1181 1721 alſo
1194 1642 1339 1696 indem
1346 1641 1415 1705 ich
1427 1646 1496 1721 die
1506 1647 1660 1709 vorige
1670 1651 1821 1710 gantze
1830 1646 1933 1717 Zeit
1943 1646 2259 1717 uͤber
2064 1639 2081 1725 /
2096 1646 2259 1717 allerley
2268 1656 2369 1705 vor⸗

370 1729 527 1796 nehme
539 1734 616 1791 zur
628 1710 942 1783 Wirthſchafft
957 1710 1167 1793 gehoͤrige
1178 1709 1402 1799 Sachen
1380 1709 1406 1799 /
1416 1712 1557 1788 theils
1577 1722 1674 1770 aus
1691 1727 1833 1780 guten
1847 1718 2113 1789 bewaͤhrten
2132 1721 2370 1789 allerhand

371 1778 623 1871 Sprachen
639 1778 848 1866 authoren
862 1782 1021 1851 /theils
1028 1791 1113 1836 mit
1123 1779 1358 1852 Beyhuͤlff
1361 1788 1548 1839 anderer
1567 1794 1688 1862 guter
1711 1778 1879 1866 Freunde
1909 1801 1933 1855 /
1946 1793 2067 1858 nicht
2080 1796 2236 1856 wenig
2255 1792 2371 1857 auch

372 1877 466 1925 aus
476 1873 623 1932 eigner
636 1856 972 1919 Beobachtung
982 1854 1003 1908 /
1012 1851 1342 1920 Fuͤrmerckung
1355 1860 1448 1910 und
1459 1854 1786 1927 Erfahrenheit
1805 1859 2040 1930 geſafſtlet
2021 1851 2045 1932 /
2050 1860 2171 1931 habe
2182 1864 2247 1927 ich
2255 1859 2372 1929 mich

374 1941 539 2004 endlich
552 1929 743 1990 daruber
770 1923 934 2004 gemacht
955 1934 977 1988 /
1000 1930 1068 1979 und
1089 1923 1234 2004 dieſes
1260 1924 1387 1980 Werck
1408 1931 1453 1976 in
1468 1927 1606 1988 Prola,
1616 1936 1730 1993 nach
1743 1939 1835 1987 und
1846 1934 1963 1997 nach
1976 1939 2025 1989 in
2037 1936 2110 1988 ein
2119 1946 2235 2002 paar
2248 1932 2374 2003 Jah⸗

374 2087 528 2156 hiemit
538 2071 1002 2129 communiciten
916 2067 1004 2156 und
1010 2067 1256 2135 mittheilen
1270 2069 1491 2141 wollen.

493 2150 669 2210 Damit
678 2154 787 2200 man
798 2139 907 2195 aber
917 2141 1035 2202 nicht
1045 2138 1306 2204 vorwerſſen
1317 2141 1469 2207 moͤge
1480 2141 1546 2206 ich
1556 2141 1718 2210 handle
1732 2152 1823 2201 von
1841 2147 1924 2199 der
1933 2144 2376 2217 Wirthſchafft
2271 2138 2289 2217 /
2307 2138 2376 2217 und

375 2226 508 2284 melde
516 2222 633 2285 nicht
646 2236 668 2273 /
679 2220 787 2271 was
799 2211 853 2281 ſie
872 2210 941 2279 ſen
953 2225 971 2266 /
982 2212 1064 2279 hat
1072 2218 1127 2264 es
1136 2211 1248 2276 mich
1254 2210 1465 2277 anfangs
1478 2217 1642 2270 darum
1654 2217 1849 2282 unnoͤtig
1858 2219 2075 2283 gedaucht
2085 2236 2108 2273 /
2119 2224 2221 2275 weil
2229 2226 2287 2273 es
2300 2219 2378 2289 oh⸗

376 2311 433 2354 ne
446 2296 524 2362 diß
535 2297 608 2346 ein
616 2287 864 2357 Jederman
876 2282 1128 2338 bekanntes
1137 2280 1278 2359 Ding
1288 2284 1343 2351 iſt
1354 2294 1379 2335 /
1392 2285 1484 2353 ohn
1494 2285 1683 2350 welches
1693 2291 1784 2341 das
1804 2286 2080 2358 menſchliche
2090 2288 2236 2347 Leben
2257 2292 2378 2356 nicht

378 2367 573 2435 beſtehen
584 2363 671 2416 kan
683 2374 705 2412 /
716 2359 924 2410 damit
869 2352 911 2435 ꝛs
934 2352 1039 2407 aber
1058 2353 1133 2417 auf
1149 2352 1224 2435 das
1248 2356 1449 2420 kuͤrtzeſte
1463 2355 1819 2423 geſchehe
1661 2352 1678 2435 /
1694 2352 1752 2435 iſt
1768 2352 1843 2435 die
1834 2365 2122 2408 Oeconomia
2134 2361 2285 2424 nichts
2294 2374 2382 2416 an⸗

379 2446 510 2496 ders
489 2422 514 2499 /
520 2437 598 2492 als
608 2437 699 2486 eine
708 2425 831 2492 weiſe
845 2422 1185 2492 Vorſichtigkeit
1197 2438 1222 2478 /
1233 2428 1330 2477 eine
1371 2423 1486 2489 Haus
1502 2422 1787 2499 wirthſchafft
1796 2426 1993 2492 beglückt
2012 2430 2278 2497 anzuſtellen
2291 2449 2315 2487 /
2327 2439 2381 2499 zu

379 2513 567 2582 führen
550 2493 577 2582 /
576 2509 669 2576 und
678 2512 730 2567 zu
748 2497 977 2565 erhalten
961 2493 979 2582 /
1005 2501 1075 2549 und
1101 2498 1198 2548 wird
1224 2493 1307 2563 ſich
1321 2494 1438 2559 nicht
1460 2493 1552 2551 ubel
1582 2493 1802 2582 herreunen
1823 2513 1846 2555 /
1860 2505 1969 2554 was
1979 2503 2060 2555 der
2069 2502 2260 2572 gelehrte
2282 2501 2378 2552 blu.

380 2582 552 2634 tarchus
564 2583 616 2631 in
627 2574 787 2642 ſeinem
798 2567 1047 2635 Gaſtmahl
1058 2572 1134 2619 der
1148 2565 1293 2635 ſieben
1301 2564 1455 2634 weiſen
1466 2566 1694 2635 Griechen
1706 2570 1919 2640 erzehlet
1915 2564 1933 2642 /
1940 2573 2035 2641 daß
2057 2576 2136 2627 als
2155 2574 2381 2623 Periander

380 2667 470 2711 von
483 2657 567 2706 den
578 2651 752 2703 andern
762 2640 843 2710 ſich
858 2637 1050 2703 erfragt
1040 2636 1067 2720 /
1057 2638 1213 2702 welche
1259 2637 1361 2705 Haus
1376 2636 1666 2720 wirthſchafft
1685 2643 1800 2707 recht
1812 2641 2016 2710 glücklich
2038 2656 2092 2711 zu
2102 2645 2261 2709 achten
2274 2644 2343 2712 ſey

382 2724 497 2797 habe
509 2715 685 2790 darauf
699 2711 863 2791 erſtlich
876 2708 1011 2788 dolon
1026 2719 1320 2774 geantwortet
1334 2728 1357 2765 /
1372 2713 1586 2776 diejenige
1596 2712 1665 2778 ſen
1675 2717 1754 2771 es
1743 2708 1761 2797 /
1763 2719 2000 2771 worinnen
2018 2717 2113 2771 kein
2121 2716 2305 2781 unrecht
2316 2726 2383 2770 er⸗

382 2793 613 2853 worbenes
630 2786 738 2842 Gut
754 2795 805 2850 zu
815 2780 970 2851 finden
980 2795 1003 2832 /
1014 2782 1199 2846 welthes
1209 2792 1262 2846 zu
1276 2782 1475 2850 erhalten
1485 2782 1584 2838 kein
1593 2781 1891 2854 Mißtrauen
1901 2803 1922 2840 /
1945 2793 2025 2843 und
2036 2785 2383 2855 auszuſpenden

377 2872 503 2927 keine
513 2865 646 2924 Reue
657 2857 768 2921 nach
778 2854 861 2923 ſich
874 2851 1006 2919 ziehe.
1040 2857 1134 2924 Bias
1146 2851 1259 2920 habe
1269 2851 1455 2921 geſagt:
1473 2857 1524 2910 in
1545 2857 1726 2921 welcher
1745 2860 1822 2911 der
1859 2851 1957 2927 Haus
1982 2867 2128 2914 vatter
2153 2865 2249 2914 aus
2267 2857 2383 2926 frey⸗

384 2942 593 3007 willigem
605 2934 792 3001 Hertzen
801 2925 884 2994 ſich
897 2922 985 2989 alſo
994 2923 1202 2992 verhalt
1195 2922 1213 3007 /
1217 2929 1300 2979 wie
1310 2934 1474 2982 er/von
1487 2924 1642 2992 auſſen
1650 2922 1694 3007 zu
1715 2926 2004 2995 leben
1839 2922 1865 3007 /
1882 2926 2003 2995 durch
2025 2935 2093 2985 die
2109 2930 2287 2998 Geſetze
2301 2934 2385 2987 an⸗

386 3084 546 3154 muͤſſig
563 3082 662 3150 ſeyn
671 3088 692 3126 /
706 3068 883 3138 nemlich
895 3076 965 3120 wo
974 3071 1068 3123 das
1080 3066 1281 3140 Geſinde
1291 3066 1445 3137 fleiſſig
1455 3074 1548 3125 und
1561 3069 1822 3140 arbeitſam
1794 3066 1815 3146 /
1833 3072 1915 3142 ſich
1927 3076 2046 3139 nicht
2062 3076 2148 3142 erſt
2158 3074 2290 3138 durch
2299 3076 2387 3128 viel

388 3157 545 3212 Gebot
556 3147 783 3209 antreiben
794 3137 909 3208 laſſe.
946 3136 1193 3188 Cleobulus
1213 3139 1328 3209 habe
1348 3144 1584 3197 vermeldet
1600 3161 1623 3197 /
1637 3143 1741 3212 dieſe
1795 3136 1897 3214 Haus
1882 3144 2204 3214 wirthſchafft
2220 3143 2288 3213 ſey
2308 3152 2386 3199 am

389 3227 539 3296 beſten
547 3220 809 3291 beſtellet
742 3216 756 3296 /
777 3216 812 3296 in
820 3205 997 3271 welcher
1009 3210 1136 3279 mehr
1144 3207 1372 3278 ſeyen
1281 3205 1304 3287 /
1324 3205 1390 3287 die
1387 3217 1474 3268 den
1511 3205 1607 3287 Haus
1625 3222 1763 3272 vatter
1798 3215 1961 3272 lieben
1941 3205 1963 3287 /
1973 3218 2053 3272 als
2063 3220 2132 3276 die
2143 3217 2227 3283 ihn
2239 3214 2385 3281 fürch⸗

388 3309 480 3354 ten.
518 3296 667 3346 Pictaci
680 3281 940 3355 Ausſpruch
954 3290 1081 3336 war
1058 3272 1082 3357 /
1100 3287 1151 3337 in
1164 3284 1345 3348 welcher
1364 3287 1516 3349 nichts
1537 3289 1945 3357 unnothwendiges
1966 3292 2059 3343 und
2072 3272 2385 3355 uͤberflaſſiges

391 3361 703 3436 begehrt
573 3357 595 3440 /
615 3361 699 3436 auch
715 3361 863 3422 nichts
875 3347 1218 3446 nothwendiges
1230 3366 1283 3433 zu
1293 3359 1541 3422 verlangen
1552 3356 1659 3427 ſeye.
1673 3358 1862 3423 Endlich
1875 3358 1990 3430 habe
2002 3358 2173 3409 Chilon
2185 3355 2387 3424 geſchloſ⸗

391 3441 488 3513 ſen
466 3430 489 3513 /
492 3437 600 3505 dieſe
611 3434 733 3489 waͤre
749 3435 814 3483 die
824 3421 1106 3506 glückſeligſte
1116 3425 1457 3506 Wirthſchafft
1440 3421 1456 3510 /
1473 3433 1543 3483 die
1553 3429 1733 3499 beſtellet
1747 3431 1815 3501 ſey
1826 3435 1955 3497 gleich
1968 3436 2085 3487 einer
2122 3421 2277 3510 Stadt/
2284 3421 2386 3510 dar⸗
