1521 2287
62 61 204 112 alten
213 56 331 107 vnbekät
407 67 417 104 /
420 67 552 103 was
530 56 623 112 aber
647 56 718 112 vnß
740 59 824 106 yetz
860 56 959 109 bekät
962 56 1015 112 iſt
1015 59 1028 102 /
1060 58 1216 103 darumb

78 118 206 164 bitte
214 115 276 167 ich
284 121 362 162 den
367 116 521 172 gietig
539 121 626 168 gott
647 106 716 171 das
727 121 770 164 er
776 109 861 156 mir
869 116 973 158 myn
981 103 1065 166 lebe
1078 99 1227 163 wothe

66 175 309 230 erlengern
316 170 404 219 das
415 169 477 224 ich
488 179 572 215 mit
578 168 691 226 ſyner
709 160 839 230 grolſẽ
845 159 1196 220 genadẽ
1025 159 1071 224 vñ
1094 159 1158 224 der
1189 165 1228 215 ſe

71 230 163 287 len
173 227 348 287 heile
341 245 386 277 diſes
398 241 546 282 mynes
557 227 664 273 willẽ
683 217 789 287 gůter
808 236 1030 276 fürnemũg
1038 217 1218 277 volbꝛig

58 301 148 332 en
157 288 389 344 müge
288 274 308 344 /
327 288 389 344 Die
398 290 555 334 andern
565 288 745 338 zwẽtag
755 285 853 326 oder
868 274 1042 332 ſchiffng
1050 275 1214 332 behalte

64 342 159 395 ich
166 346 311 400 hinder
318 343 528 399 mir
408 329 429 400 /
448 343 515 399 Vnd
540 340 581 393 ſo
599 340 666 384 mir
685 335 751 383 der
757 330 1117 397 durchleüchtigiſt
1124 329 1214 379 kün

66 404 169 456 nig
175 405 306 457 wider
312 387 392 458 gibt
410 396 490 452 diſe
498 393 628 444 dritte
635 387 976 451 ſchiffüg
819 387 833 458 /
852 387 912 458 wil
924 387 984 458 ich
982 390 1227 448 vnderſton

96 459 204 512 heim
206 456 372 511 zůkeren
382 455 447 499 vñ
456 454 539 507 růg
545 450 602 505 zů
611 450 694 511 habẽ
720 449 734 498 /
746 444 784 512 do
796 447 858 502 ich
862 450 949 496 mit
961 444 1040 493 den
1049 445 1220 506 erfaren

98 498 148 570 vñ
135 515 323 570 gelerrẽ
329 516 423 558 vnd
434 511 496 555 võ
503 509 582 556 den
590 509 741 566 fründẽ
760 505 835 554 das
848 499 1031 559 werckzů
1039 498 1219 556 volbꝛĩg

94 584 144 617 en
149 566 370 629 geſtercket
377 571 487 614 werd
498 571 593 614 vnd
605 563 809 629 geholffen
820 565 984 617 werden
992 568 1116 616 mag.

27 700 28 704 1
336 625 497 700 Dag.
540 637 612 704 ix.
624 618 1073 710 Cnpitel.

62 759 89 780 ¶
135 704 210 780 Von
240 715 310 766 dir
325 716 446 775 beger
457 704 513 780 ich
517 719 661 777 genad
672 712 728 760 ob
734 710 798 766 ich
807 704 870 780 nit
891 704 975 780 diſe
969 704 1215 768 myneſchiff

93 789 186 833 ung
195 781 293 822 oder
301 788 389 821 mer
403 773 482 821 den
492 774 589 829 leſtẽ
596 782 678 828 tag
684 769 752 819 dir
760 773 825 817 nit
827 765 1024 828 geſchickt
1031 766 1209 826 hab
1115 765 1128 833 /
1146 766 1209 826 als

89 833 153 887 ich
160 836 229 880 dir
247 836 281 879 in
322 840 340 876 dẽ
339 844 484 887 zweyn
497 831 622 886 leſten
631 829 752 884 bꝛiefẽ
760 827 960 884 verheiſſe
966 829 1055 881 hat
1061 820 1217 884 vꝛſach

88 893 231 945 weiſtu
239 892 325 938 wol
333 892 435 936 wañ
445 885 507 940 ich
514 885 601 942 hab
607 883 711 936 noch
717 886 783 930 nit
790 884 852 942 võ
873 882 942 932 dem
962 879 1211 935 durchleüch

87 949 208 1003 tigſts
216 944 446 1004 künig
368 936 406 1004 zů
424 936 444 1004 ð
462 956 520 998 zyt
545 941 609 996 das
623 942 794 1003 exẽplar
802 940 935 997 haben
944 936 1150 996 mügẽlich
1156 937 1208 984 be

88 1002 227 1055 tracht
235 1004 286 1058 by
298 1008 381 1051 mir
388 1001 500 1058 ſelbs
510 998 672 1051 noch
631 993 668 1058 dẽ
680 1001 850 1045 vierden
860 1006 940 1054 tag
953 996 997 1051 zů
1041 993 1219 1048 volbꝛing

87 1073 138 1104 en
158 1065 202 1107 vñ
217 1059 304 1107 das
320 1059 440 1114 hãdel
451 1047 513 1114 ich
522 1060 587 1101 vñ
594 1058 677 1099 mir
685 1056 826 1112 iſtyetz
834 1065 996 1102 zweyer
1003 1047 1123 1114 ſchiff
1122 1051 1208 1093 mit

86 1117 174 1162 iren
182 1116 305 1167 waſſe
313 1119 377 1167 vñ
382 1117 540 1165 gewerẽ
545 1105 724 1162 vᷣheiſſen
732 1100 935 1155 woꝛdẽ
877 1098 885 1167 /
903 1098 936 1167 dz
941 1100 1003 1154 ich
1002 1116 1059 1156 zů
1067 1098 1211 1158 erſůch

86 1182 136 1214 en
144 1173 268 1222 nüwe
276 1169 419 1220 region
427 1166 493 1208 vñ
497 1156 816 1227 gegenden
720 1156 734 1227 /
746 1156 820 1227 wis
823 1160 981 1216 mittag
987 1160 1050 1206 võ
1057 1157 1131 1207 der
1156 1170 1209 1212 ſyt

87 1240 137 1271 en
143 1222 220 1271 des
231 1219 438 1279 vffgangs
449 1215 559 1275 mich
558 1220 616 1271 zů
627 1211 743 1279 richte
766 1211 879 1279 durch
888 1220 966 1262 den
975 1218 1113 1262 windt
1155 1230 1203 1261 der

88 1280 277 1340 Affricus
293 1279 425 1335 genãt
432 1278 589 1343 wirt/
555 1269 597 1343 in
596 1269 798 1332 wolchem
806 1281 884 1339 tag
895 1269 1202 1332 oſchiffũg
1143 1269 1202 1343 ich

86 1333 301 1392 gedenck
280 1326 346 1394 vil
322 1334 480 1391 dings
492 1345 538 1389 zů
543 1326 802 1393 volbꝛingen
813 1340 859 1382 zů
869 1336 974 1394 gots
985 1326 1127 1377 lob
1076 1326 1116 1394 vñ
1135 1341 1209 1388 ere

87 1397 181 1444 vnd
197 1382 299 1455 warr
319 1382 448 1455 nichts
461 1395 617 1446 anders
643 1389 691 1438 wã
701 1385 780 1448 des
795 1382 1204 1445 durchleüchtigſten

75 1446 242 1510 Kinigs
251 1448 732 1506 verwuligũg
521 1443 546 1510 /
564 1443 653 1510 Gott
738 1444 795 1500 woͤlle
802 1451 890 1505 das
904 1444 957 1500 zů
964 1444 1090 1504 laſſen
1104 1443 1208 1506 das

87 1503 171 1558 das
181 1509 265 1567 beſt
274 1501 318 1567 iſt
335 1501 349 1567 /
336 1508 430 1564 was
437 1506 527 1552 dañ
534 1510 632 1551 wirr
641 1501 786 1560 ſolt
749 1501 793 1567 du
793 1502 890 1552 wol
897 1501 1176 1556 verſtan.

84 1610 179 1723 49
362 1566 452 1711 .
921 1647 949 1693 .

155 1661 214 1715 Oß
314 1658 345 1706 Itali
477 1657 560 1670 ũg
542 1648 583 1713 in
632 1655 642 1666 die
733 1648 815 1696 Latiniſch
898 1648 939 1713 vñ
961 1648 1031 1713 yetʒ
1053 1648 1089 1713 in
1098 1649 1194 1705 teüt

83 1655 207 1770 e
260 1651 1093 1779 eſcehengeneeepiſtekgetergar
1124 1651 1194 1779 da⸗
