1502 2525
118 184 1142 265 von den erbſchafien one lezten willen. 65
136 283 1136 350 dungen, vaͤterliche teſtamenten, oder onſt durch
134 335 1133 404 aeſchcnke c. zuaeordnet worden iſt, begnugen
133 385 1129 457 laſſen, Luͤni von der mittelbaren oder landſuſi—
134 442 979 511 gen ritterſchaft in Teutſchlande, ſ. 167 fg.
478 524 732 584 3011
169 571 1325 637 Bei kunkel-lehnen, wo der unmittelbar auf ein- die ſchweſter
132 617 1337 703 ander ſolgende manns-ſtamm erloſchen iſt, und ein '
131 675 1326 747 ſchweſter- ſen ſich vorfindet, gehoͤret dieſer zui manus ſtam—
131 730 1181 793 mans-ſtamme des erſten erwerbers mcht mehr, me.
131 779 1123 845 Boͤbmer T. I P. IIiconlult. mum. 4s fg. ſ. 413,
131 829 1124 895 ſondern das kunkel lehn auſſer Sachſen, erreichet
132 884 1123 949 nunmehr ſeine kraſt; hingegen in Sachſen, oder
133 941 499 996 an orten und enden
513 933 1124 1001 aͤchſiſchen rechtes m ruͤckſicht
134 987 1120 1054 auf die ſeiten-verwandten, tritt die geſamte hand
133 1039 1123 1108 zum behufe der mitbelehnten em, freiherr von
133 1089 1123 1155 Senkenbertt in den pumis lineis iuris ſeudalis
133 1136 1126 1211 Part. Jl cap. X §302 ſ. 337, Samuel Stryk de
134 1188 1124 1254 ſucceſſione in feudo maſculis et feminis conceſſo
133 1244 1124 1315 cap. JJl num. 17 fg. Kurz! bei den ſtamm-und
132 1293 1122 1367 lehn guͤtern, wird eine nicht unterbrochene folge
134 1344 1119 1419 der manns-perſonen erfodert. Daher wenn je—
134 1402 1123 1472 mand eine tochter verlaſſet, die einen ſchon erzilet
133 1447 1125 1523 hat, diſer keinen fuͤrzug hat. Derowegen die
133 1500 1124 1574 freiherren von Thuͤngen wegen irer Fuldiſchen
131 1552 1124 1626 lehnen hergebracht haben, daß bisher noch keine
132 1606 1096 1680 tochter, oder deren ſon zur lehnsfolge gelanget iſt.
461 1694 733 1755 3012
146 1734 1318 1804 Jnhalts der Teutſchen rechte, leget ſich bei dem die erbſchaſt
129 1782 1321 1872 ritterſtande eine dreifache erbſchaſt dar. ) die
129 1840 1174 1907 lehn⸗ 2) die ſtami⸗ guts⸗und 3) die eigen⸗ (allo⸗ lei.
129 1888 1123 1962 dial⸗) erbſchaft, welche wohl von einander zu un—
129 1943 1121 2015 terſcheiden ſind; abſonderlich da nach masgebung
129 1993 1121 2068 der entſchen rechte, der vaſall oder ſtamms-fol⸗
129 2048 1122 2121 ger im lehne, oder ſtamm-gute icht dem leztver⸗
128 2097 1122 2176 ſtorbenen, ſondern dem erſten erwerber folget, auch
140 2151 1114 2221 J teil. E der
