1489 2526
753 447 971 511 c e
738 479 1033 561 .
466 776 860 854 .
466 742 853 818 o
81 978 1156 1073 ichts beers kant du tun, das deine potter chmerzt,
95 1038 1023 1133 Als folge meinem raht, und lobe ie beherzt;
81 1098 1138 1194 Und war der ausgang nicht der abicht gleich zu nennen:
98 1163 1156 1258 So hat du wenigtens nichts choners wagen konnen.
792 1269 1156 1340 Gellert . 144
104 1464 339 1512 D
98 1500 1156 1589 . en herren libhabern und kennern des
132 1553 1156 1654 Teutchen vaterlandes habe ich die eh
320 1625 1156 1709 :re den zweiten band der burgerlichen
132 1673 300 1712 H
256 1646 1156 1770 Teutchen rechtsgelahrheit, durch die
81 1702 1156 1830 cLso rumliche bemuhung des herrn pro
81 1762 1156 1884 feors Hofmanns, hirmit vorzulegen. Der kai
81 1822 1155 1944 er und das Reich geruheten in der kaierlichen und
81 1881 1155 2012 Reichs kammer gerichts ordnung den beiizern anzu
81 1943 1156 2071 befelen, da ie nach masgebung der Teutchen ge
81 2005 1155 2122 wonheiten furnamlich prechen, auch, inhalts des
81 2060 1155 2186 Reichs-abchides vom jare 1654 137, die ubrigen
546 2167 1155 2247 a 2 gerichte
