1502 2525
166 208 1156 291 von den erbſchaften one lezten willen. 67
147 292 1139 373 Joh. Peter von Ludewig de obligatione ſue-
143 351 1156 425 ceſſoris i prineipeus et clientelas. Zudem wurde
141 401 1152 482 des vesers unbeweglicher erwerb und eigentum, ſo
139 453 1154 527 bald es auf de, ſon file, ſtamm⸗gut. Damit ie⸗
138 499 1151 584 doch der ri oman die oberhand nicht behalte, und
138 558 1149 633 den hoben und nidrigen adel hirunter nicht weiter
138 611 1147 685 entkri:te, wie Griebner und Baſtineller albe⸗
136 666 1145 736 reit beebochtet haben; ſo iſt ratſam, ſich des ei⸗
133 719 1142 792 genen des ve ſtorbenen zu enthalten, welches ie)och
133 756 1144 842 be den fuͤrſten mit der ſats-erbſchaft nicht zu ver⸗
133 818 1150 892 mengen iſt, Burchardt am a. o. Daß aber
132 867 1137 943 der ſon, mit wealaſſung des vaterlichen eiaentumes,
133 919 1138 995 im lehne folgen konne ſolches haben Roſenthal
133 970 1146 1047 und andre beim Barth dſſenſu in prax 460 2
132 1026 1139 1105 angezogenen alte und neue civiliſten wol eingeſehen.
450 1129 740 1196 303
138 1168 1283 1256 Der arund der Teutſchen erbfolge bei dem ho⸗ worauf der
127 1215 1283 1328 henr d medern adel ruhet teils auf der erhaltung
127 1272 1283 1367 des geſchlechtes, Eſtor de partitionibus terrar. ill ebolge be⸗
126 1325 1240 1408 4, teils in Beſorgung der erfoderlichen kriges⸗ ruhet?
124 1377 1145 1461 brrg⸗ amts⸗dinſte; daher das weibliche geſcklecht
125 1433 1145 1516 nur im mangel des manns-ſtammes zugelaſſen
125 1483 1138 1570 wurde, Boͤhmer vol. IP. iI conſult. 86 num. 47,
124 1532 1141 1615 George Ludewig Boͤhmers diſp. de iuribus ex
123 1582 1147 1668 ſtatu nlitari vet. Germ. pendent. ſ. 47, mithin
123 1631 1138 1718 folgten die weiber und geiſtliche nur aus gnaden,
123 1683 1141 1764 Boͤhmers diſp. ſ. 63; diſemnach die durch die all⸗
123 1743 1143 1820 gemeine erfahrung beſtaͤrkte regel lehret, daß der
123 1795 1138 1877 manns⸗ſtamm den weibes⸗perſonen in der lehns⸗auch
123 1839 1141 1928 ſtamm⸗guts⸗folge vorgehe, wenn gleich ein unſtrit⸗
123 1894 1141 1982 triges kunkel⸗lehn vorhanden iſt, nichts deſtoweniger
123 1943 1139 2033 wird vermutet, daß es ſucceſſvum und nicht pro⸗
123 1997 1140 2086 miſcuum ſei, Gundlings erlauterung des berichts
123 2049 1126 2137 wegen Neufchatel ſ. 45 fg., Moͤllers vſus pract.
123 2095 1135 2193 diſtinct. feudal. ſ. 25. Geſtalt dann auch diſe lehre
532 2169 1131 2237 E 2 mit
