1489 2526
88 962 228 1038 Nichts
251 990 358 1038 beſſers
383 995 466 1048 kanſt
484 1002 525 1038 du
540 1009 614 1057 tun,
641 1010 699 1046 das
716 1010 800 1047 deine
816 1010 923 1056 ſpoͤtter
940 1012 1088 1064 ſchmerzt,

167 1049 228 1087 Als
248 1055 326 1102 folge
343 1061 471 1098 meinem
487 1065 577 1113 raht,
604 1075 672 1107 und
681 1061 736 1125 lobe
755 1076 801 1121 ſie
810 1075 954 1125 beherzt;

91 1107 161 1146 Und
184 1114 250 1149 waͤr
272 1120 323 1154 der
337 1128 482 1170 ausgang
498 1126 575 1170 nicht
591 1133 641 1167 der
657 1133 767 1179 abſicht
782 1128 876 1181 gleich
893 1151 929 1186 zu
947 1151 1085 1181 nennen:

168 1172 227 1210 So
244 1178 309 1225 haſt
324 1185 365 1220 du
380 1186 563 1234 wenigſtens
579 1190 676 1238 nichts
688 1189 828 1243 ſchoͤners
849 1212 958 1250 wagen
983 1206 1115 1245 koͤnnen.

864 1278 1012 1320 Gellert
1027 1284 1048 1331 ſ.
1065 1296 1125 1331 144

105 1472 325 1552 s
347 1515 390 1548 en
422 1511 544 1561 herren
579 1518 762 1570 libhabern
794 1532 868 1571 und
895 1532 1047 1578 kennern
1073 1540 1141 1580 des

130 1551 155 1615 8
188 1571 264 1648 D
281 1557 342 1644 2
382 1567 572 1623 Teutſchen
591 1582 818 1627 vaterlandes
840 1588 935 1655 habe
946 1592 995 1641 ich
1014 1595 1068 1657 die
1084 1595 1142 1646 eh⸗

107 1615 155 1670 28
277 1623 336 1684 re
434 1633 500 1671 den
526 1636 671 1685 zweiten
698 1641 792 1683 band
818 1648 877 1686 der
895 1644 1137 1704 buͤrgerlichen

129 1671 157 1721 2
187 1680 204 1724 8
266 1648 341 1734 8
370 1679 566 1743 Teutſchen
600 1695 923 1753 rechtsgelahrheit,
947 1708 1055 1761 durch
1081 1714 1137 1757 die

85 1720 122 1751 „
125 1722 337 1769 e
371 1736 537 1796 rüͤmliche
570 1749 775 1803 bemuͤhung
815 1760 878 1800 des
915 1761 1028 1819 herrn
1052 1782 1137 1822 pro⸗

89 1767 215 1830 feſſors
233 1780 502 1858 Hofmanns,
535 1806 658 1854 hirmit
675 1812 897 1868 vorzulegen.
957 1826 1041 1873 Der
1064 1831 1137 1875 kai⸗

86 1828 135 1880 ſer
153 1842 227 1897 und
244 1848 313 1889 das
333 1851 445 1905 Reich
462 1863 652 1912 geruheten
671 1867 708 1910 in
727 1873 787 1915 der
815 1877 1030 1932 kaiſerlichen
1059 1895 1136 1935 und

84 1885 227 1987 Reichs
254 1899 390 1951 kammer
407 1915 559 1965 gerichts
577 1926 739 1983 ordnung
760 1938 827 1980 den
845 1940 1006 1998 beiſſzern
1024 1959 1135 2007 anzu⸗

86 1950 249 2023 befelen,
282 1963 357 2031 daß
366 1959 429 2041 ſie
435 1967 519 2037 nach
540 1985 765 2045 masgebung
783 1999 842 2040 der
859 2001 1057 2061 Teutſchen
1070 2018 1134 2065 ge⸗

86 2009 292 2094 wonheiten
315 2009 536 2094 fürnaͤmlich
562 2042 737 2099 ſorechen,
768 2056 856 2107 auch
866 2063 1046 2115 inhalts
1068 2073 1136 2114 des

86 2063 225 2145 Reichs
235 2098 245 2113 ⸗
256 2063 431 2145 abſchides
459 2100 543 2141 vom
560 2102 638 2155 jare
662 2113 757 2166 1654
814 2129 887 2173 137,
914 2123 968 2167 die
987 2116 1138 2186 ubrigen

620 2176 645 2209 a
676 2181 701 2212 2
988 2186 1138 2243 gerichte
