1461 2525
260 224 464 283 maſkopei
480 226 565 275 und
581 228 862 290 gemarſchaft.
957 204 1044 290 771

106 317 145 362 1)
166 320 229 361 das
254 322 438 374 abſterben,
465 325 512 370 2)
536 326 585 365 die
612 321 882 380 aufkuͤndigung,
908 332 1045 379 welches

106 367 138 407 in
156 373 210 413 der
220 374 616 425 geſellſchafs⸗handelung
635 375 694 424 ſich
709 383 956 431 vorzubehalten
975 392 1044 426 rat⸗

105 420 173 466 ſam
192 427 258 476 iſt),
285 430 325 474 3)
353 437 448 467 wenn
470 430 520 469 die
534 429 621 479 ſache
642 437 682 477 zu
697 434 820 476 grunde
836 437 946 494 gehet,
970 448 1043 487 con⸗

104 470 233 527 fiſciret,
258 481 374 519 cediret
397 481 503 529 wird,
525 482 572 528 4)
600 488 694 518 wenn
715 481 778 539 das
801 487 940 537 geſchaͤft
965 493 1043 530 voll⸗

105 522 233 581 bracht,
249 533 324 573 oder
351 533 395 579 5)
411 533 461 573 die
479 533 539 583 zeit
554 531 715 580 verfloſſen
732 533 782 581 iſt.
954 551 961 556 g

500 615 522 656 8
572 615 671 657 4800

175 671 256 716 Die
280 674 380 723 kauf⸗
389 675 479 715 diner
504 675 633 713 werden
665 667 850 726 anfaͤnglich
873 682 905 722 in
930 686 1035 733 geſell⸗
1065 691 1108 730 auf
1133 697 1180 724 was
1195 699 1285 727 art

103 718 199 773 ſchaft
214 736 424 774 genommen,
440 735 498 764 um
514 726 562 766 die
580 726 677 773 reiſen
694 736 733 776 zu
754 735 823 769 tun.
877 733 1034 785 Hernach
1055 745 1095 775 die
1111 745 1167 783 kauf
1180 747 1251 778 diner

94 768 284 817 bekommen
302 778 341 824 ſie
358 779 447 817 einen
464 778 616 825 geringen
626 779 775 830 gewinſt.
827 781 963 835 Endlich
978 791 1035 835 tei⸗
1061 794 1134 834 hirzu
1152 797 1224 829 kom⸗

103 821 150 867 len
167 828 207 878 ſie
227 830 287 869 mit
303 831 362 869 den
379 829 503 878 herren.
1057 846 1145 879 s

198 936 200 938 5
494 909 516 952 §
567 914 657 956 480

176 964 256 1010 Die
273 965 374 1015 kauf⸗
382 967 448 1007 und
465 967 729 1021 handels⸗leute,
747 970 910 1021 wechſeler
918 984 958 1015 ꝛc.
975 975 1037 1024 ha⸗
1057 989 1112 1013 von
1121 986 1170 1017 den
1178 987 1236 1020 boͤr⸗

102 1006 158 1055 ben
176 1019 208 1057 in
226 1021 334 1069 groſen
354 1006 643 1079 handels⸗ſtadten,
668 1023 748 1071 auch
763 1025 849 1075 wohl
869 1028 914 1067 ire
931 1026 1037 1079 beſon⸗
1065 1035 1118 1074 ſen,

103 1059 171 1108 dere
197 1080 280 1122 orte,
304 1071 401 1113 allwo
424 1073 465 1123 ſie
488 1075 675 1124 zuſammen
700 1077 865 1130 kommen,
892 1089 954 1122 von
971 1083 1038 1125 iren

102 1112 260 1163 handels⸗
272 1112 548 1180 angelegenheiten
570 1127 629 1176 ſich
655 1131 715 1171 mit
737 1133 890 1174 einander
914 1125 1038 1189 beſpre⸗

97 1161 183 1232 chen,
207 1178 273 1215 und
290 1178 408 1217 allerlei
422 1179 552 1228 verkehr
566 1182 727 1229 anſtellen.
780 1184 872 1234 Diſe
888 1194 955 1228 orte
969 1191 1039 1241 und

101 1221 189 1273 pläze
210 1229 338 1268 werden
363 1224 492 1280 boͤrſen,
515 1232 628 1283 logen,
657 1232 907 1288 wechſel⸗plaͤze
924 1251 964 1279 ꝛc.
981 1240 1062 1288 ge⸗

103 1276 223 1327 nennet,
233 1280 417 1320 Ludovici
427 1283 471 1322 im
481 1283 795 1335 kaufmanns⸗lexico
804 1276 811 1342 !
830 1289 877 1338 ſp.
888 1300 976 1347 1908
985 1293 1035 1343 fg.

339 1350 341 1355 a
1015 1347 1018 1370 ö

188 1378 295 1430 Von
312 1377 382 1428 der
402 1381 704 1440 commiſſions⸗
714 1362 950 1452 handelung

472 1465 495 1514 S
546 1476 641 1518 4802

120 1527 254 1577 Die
284 1532 717 1585 commiſſions⸗handelung
742 1537 799 1589 iſt,
829 1547 925 1583 wenn
948 1551 1029 1584 man
1053 1564 1114 1592 was
1126 1561 1165 1593 die
1182 1569 1220 1594 com
1232 1571 1243 1594 ·

103 1564 156 1632 für
167 1583 267 1622 andre
281 1584 516 1632 handels⸗leute
532 1589 589 1628 den
606 1589 724 1638 handel
740 1601 796 1631 um
812 1594 940 1643 gewiſſe
954 1606 1029 1641 pro⸗
1044 1593 1172 1656 miſſions⸗
1187 1613 1245 1652 han.

125 1624 196 1688 iſion
214 1637 396 1678 verwaltet.
449 1637 560 1688 Diſer
579 1640 673 1690 heiſet
692 1643 814 1694 factor,
837 1647 1027 1697 commiſſio⸗
1050 1664 1146 1704 delung
1162 1665 1217 1705 iſt
1207 1653 1217 1705 ?

124 1684 233 1731 drius,
252 1688 507 1740 Marpergers
524 1692 747 1742 kaufmanns⸗
755 1698 912 1748 magazin
932 1706 1026 1742 unter

124 1728 194 1792 iſem
216 1746 328 1782 worte.

480 1794 519 1854 8
553 1803 644 1843 4803

171 1851 251 1900 Die
273 1860 434 1912 proviſion
458 1860 497 1910 iſt
519 1873 554 1910 1,
579 1873 620 1912 2,
636 1862 717 1911 auch
734 1863 826 1914 mehr
850 1871 926 1906 vom
944 1879 1022 1908 100.
1045 1851 1070 1914 die
1072 1873 1237 1914 proviſton.

425 1998 689 2046 der

548 2171 629 2216 Cec
653 2185 675 2212 e
924 2172 1025 2233 Acht
