1553 2607
261 78 305 188 „
409 125 736 190 Bennbuterey
754 75 803 176 in
836 75 941 202 ihrer
963 75 1231 202 Sscholehei

275 248 371 297 dert
390 240 518 302 hatte.
564 227 630 307 Die
659 227 871 307 ſaͤmtliche
894 227 1231 307 Zinzendorfiſche
1268 227 1407 307 Secte,

254 310 355 372 hat
378 307 421 367 in
443 309 538 356 dem
556 301 809 365 ſogenauten
819 295 1109 355 Kreutzreich
1121 294 1199 365 (.)
1217 293 1399 409 1

1261 367 1401 424 geſtalt

341 464 413 522 6˙%é
428 456 536 522 Ich
557 459 663 521 habe
685 473 769 511 von
791 460 935 517 dieſem
959 457 1310 516 Bekeutmsbuch
1334 466 1400 514 der

410 522 770 586 Herrnhutiſchen
793 523 974 576 Sekte,
1006 519 1163 570 bereits
1193 522 1249 569 im
1269 523 1442 582 erſten

410 588 580 648 Theil
560 583 585 648 /
600 588 637 647 ſ.
658 588 723 637 12.
757 586 894 638 Not.“
929 583 1208 642 Erwehnung
1223 585 1397 646 gethan,

411 658 503 704 und
517 649 650 710 dieſen
665 650 886 709 wichtigen
896 646 1102 706 Umſtand
1116 648 1400 706 angemercket,

413 715 502 775 daß
520 717 586 766 die
609 719 752 775 gantze
771 713 991 778 ſogenante
1003 708 1187 769 Kirche,
1211 721 1285 759 vor
1305 716 1402 764 alles

416 779 551 840 ſtehen
576 776 716 834 muß,
750 782 850 826 was
874 777 938 835 ihr
955 770 1253 835 Oberhaupt,
1287 772 1400 835 ſogar

416 854 504 895 von
526 842 660 899 ſeinen
680 838 928 897 beſonderen
949 832 1197 895 ſchaͤdlichen
1210 835 1402 897 Wegen,

417 903 606 967 heilloſen
618 902 1020 962 Unternehmungen,
1068 904 1157 950 und
1170 904 1283 958 gantz
1298 901 1400 954 blos⸗

417 969 620 1030 geſtellten
633 966 885 1024 Argheiten,
910 965 960 1026 in
972 961 1101 1022 dieſes
1112 960 1410 1023 eckelhaſteund

417 1033 658 1083 verwirrete
671 1028 938 1088 Klitterbuch
963 1028 1229 1086 einzutragen
1249 1026 1402 1082 beliebt

417 1092 509 1156 hat.
539 1088 638 1148 Sie
654 1087 811 1154 muͤſſen
835 1093 888 1140 es
907 1087 979 1156 mit
971 1093 1126 1145 Mund
1144 1097 1230 1139 und
1242 1089 1475 1152 Hertzen

413 1154 686 1222 beſtaͤtigen,
720 1153 895 1216 bejahen
915 1160 1004 1205 und
1028 1151 1297 1214 verbuͤrgen,
1338 1161 1405 1207 als

419 1222 566 1284 heilige
581 1219 876 1279 Warheiten,
908 1223 996 1268 und
1008 1216 1273 1279 Bekentniſſe
1291 1215 1418 1278 theils

375 1286 540 1347 ihres
561 1281 980 1343 gemeinſchaftlichen
999 1281 1258 1335 Glaubens,
1288 1284 1403 1339 theils

380 1350 540 1410 ihres
572 1341 863 1404 planmaͤſigen
887 1345 1134 1400 Wandels.
1198 1345 1289 1398 Sie
1308 1343 1406 1407 muͤſß⸗

417 1411 494 1470 ſen
521 1409 645 1470 falſch
665 1409 856 1471 Zeugnis
877 1416 1002 1458 reden,
1064 1408 1213 1468 luͤgen,
1246 1406 1402 1471 laͤſtern,

425 1478 515 1531 und
541 1468 774 1530 betriegen,
811 1470 851 1530 ſo
871 1470 931 1532 oft
950 1477 1039 1535 und
1073 1470 1115 1528 ſo
1135 1469 1403 1531 unverſchaͤmt

396 1545 398 1547 als
430 1540 552 1589 er
565 1541 613 1585 es
634 1535 770 1594 haben
792 1535 893 1585 will.
956 1535 1231 1599 Dergleichen
1249 1534 1403 1584 blinden

427 1593 675 1663 Gehorſam,
702 1593 800 1663 auch
831 1606 879 1659 zu
899 1593 1101 1663 Suͤnden
1112 1593 1180 1663 die
1179 1599 1276 1660 ein
1292 1597 1434 1662 halb⸗

428 1659 713 1722 vernuͤnftiger
739 1656 878 1721 Heide
906 1661 1231 1727 verabſcheuet,
1258 1665 1340 1711 und
1356 1672 1402 1721 zu

425 1728 563 1784 einem
588 1721 884 1784 erſtaunlichen
906 1723 1293 1790 Menſchendienſt,
1321 1725 1421 1784 wel⸗

409 1790 517 1844 cher
530 1787 633 1847 ohne
649 1786 972 1849 vorausgeſetzte
985 1788 1291 1851 Unfehlbarkeit
1302 1787 1401 1852 eines

425 1847 718 1910 Oberhaupts
750 1850 861 1909 nicht
895 1851 1073 1916 gedacht
1115 1857 1279 1905 werden
1309 1849 1402 1909 kan,

373 1916 503 1974 (es
513 1911 629 1965 waͤre
649 1918 745 1972 dann
778 1912 863 1971 daß
879 1916 942 1966 die
952 1910 1290 1978 Kirchenglieder
1313 1911 1429 1973 glei⸗

341 2016 491 2018 chen
530 1977 637 2031 Sinn
690 1978 776 2028 mit
792 1977 908 2037 ihren
918 1976 1134 2041 Anführer
1158 1976 1323 2044 haͤtten)
1342 1966 1404 2029 bis

412 2041 562 2110 daher
578 2041 621 2112 in
634 2038 768 2092 keiner
790 2032 1019 2112 Geſchichte
1047 2043 1341 2105 vorgekommen
1352 2034 1423 2106 iſt.

460 2104 560 2167 Die
572 2102 710 2167 hieher
730 2096 927 2169 gehoͤrige
960 2096 1051 2162 Orte
1075 2113 1164 2160 aus
1180 2119 1229 2169 1
1422 2109 1486 2155 1

1108 2207 1188 2225 19
1326 2177 1351 2218 uch
1389 2184 1405 2221 /
