1553 2607
500 150 668 205 vierter
685 147 839 212 Theil.
1242 166 1268 210 3

159 275 300 342 geſtalt
324 279 405 325 vor
434 265 552 328 ihren
576 264 753 329 Stifter
774 260 978 321 erklaͤret,
1009 261 1097 322 daß
1118 263 1171 327 ſie
1191 269 1278 315 aus

1156 326 1274 385 deſen

231 413 449 486 Buch,
472 388 601 494 ſtehen
627 404 666 490 ſ.
680 404 738 490 29.
764 408 834 476 wo
857 431 904 474 es
924 406 1067 480 heiſet:
1100 427 1278 489 Sweyte

274 493 506 551 Wacheit
573 486 685 546 Daß
711 487 784 541 ich
818 489 888 536 die
911 485 1276 544 Puͤnckelichkeit

275 557 438 605 meiner
461 551 780 610 Rutheriſchen
806 548 1087 618 Verfaſſung
1117 549 1329 609 ſoweit

265 614 486 680 pouſfiret
482 612 502 682 /
519 614 614 676 deß
635 613 703 679 ich
728 612 862 682 ſogar
880 612 927 661 in
948 612 1272 673 Penſylbanien

273 679 402 730 alwwo
414 679 533 729 mein
545 673 1039 737 haupt⸗Augenmerck
1048 689 1171 731 war
1150 673 1170 737 /
1178 678 1271 732 den

271 741 446 797 Verfall
467 745 544 792 der
564 738 838 799 Religionen
856 739 955 787 und
972 742 1075 794 aller
1093 740 1269 794 Kirch⸗

270 803 449 858 lichkeit
485 797 577 861 ube
600 803 741 859 haupt
764 825 781 852 /
811 810 866 857 zu
887 797 1142 861 redreſſiren,
1173 815 1268 853 we⸗

270 875 359 927 gen
389 869 466 916 der
497 864 680 923 diverſin
704 864 946 922 Eiturgien
966 877 987 915 /
1024 863 1103 914 die
1124 864 1267 925 ernſte

268 924 548 988 Verfugung
587 922 819 988 getroffen
837 936 860 976 /
891 922 988 985 daß
1018 928 1165 979 weder
1193 931 1266 979 ein

267 987 575 1050 Reformirter
585 1000 607 1039 /
616 988 734 1040 noch
745 986 815 1037 ein
823 984 1121 1046 Maͤhriſcher
1130 989 1263 1044 Bru⸗

268 1056 380 1105 der
368 1049 393 1111 /
412 1052 494 1111 bey
520 1049 688 1108 unſerer
706 1052 920 1109 dortigen
939 1050 1262 1108 Lutheriſchen

265 1113 583 1165 Communion
609 1112 833 1160 admittiret
858 1113 1035 1165 werde
1021 1112 1048 1174 /
1065 1117 1157 1164 und
1178 1113 1260 1174 auf

263 1179 369 1229 dem
386 1172 679 1234 offentlichen
700 1175 866 1232 Conſelſu
883 1177 984 1226 aller
999 1174 1262 1237 proteſtan⸗

260 1237 429 1298 tiſchen
460 1237 736 1305 Religionen
766 1234 994 1306 dalelbſt
989 1234 1017 1306 /
1034 1240 1157 1292 mich
1172 1250 1258 1291 vor

262 1303 351 1354 den
360 1299 686 1358 Lutherischen
703 1309 800 1351 teut
817 1295 940 1358 ſchen
956 1295 1140 1357 Pfarrer
1160 1313 1257 1352 von

260 1363 616 1425 Philadelphia
604 1361 622 1425 /
648 1366 725 1413 der
742 1362 815 1415 ich
834 1374 965 1413 war
934 1361 958 1425 /
997 1363 1084 1413 den
1097 1361 1260 1423 erſten
1234 1361 1260 1425 /

259 1428 359 1480 und
369 1426 414 1480 ſo
420 1423 554 1497 lange
565 1424 634 1477 ich
645 1428 707 1474 da
716 1436 816 1473 war
825 1434 848 1475 /
877 1423 998 1480 ohne
1009 1423 1149 1487 einige
1160 1430 1260 1471 Con.

261 1502 427 1534 currenx
451 1497 540 1538 mit
560 1487 751 1548 einigem
773 1487 942 1537 andern
962 1494 984 1537 /
1007 1488 1106 1537 und
1137 1486 1277 1548 ſonſt

259 1562 347 1604 vor
363 1553 550 1606 nichts
540 1547 566 1614 /
581 1547 838 1609 angegeben
854 1551 951 1599 und
961 1549 1131 1614 geriret.

299 1612 390 1666 Die
411 1609 559 1669 uͤbrige
582 1610 763 1664 Stellen
785 1607 927 1668 ſind
909 1607 935 1674 .
941 1624 1042 1667 179.
1062 1621 1133 1662 wo
1154 1612 1254 1674 Zin⸗

256 1673 432 1736 zendorf
441 1684 571 1732 gegen
591 1677 669 1726 den
692 1669 889 1730 teutſchen
907 1669 1256 1734 Zeitungsſchrei⸗

258 1738 332 1787 ber
354 1736 397 1786 in
420 1733 736 1797 Penſylvanien
764 1734 839 1793 ſich
861 1744 1008 1793 reget,
1041 1735 1142 1803 aber
1177 1740 1256 1789 mit

258 1799 416 1851 keinem
436 1797 624 1856 eintzigen
644 1797 811 1850 Grund
836 1794 1119 1857 vertheidiget.
1163 1799 1257 1850 In⸗

290 1855 451 1928 leichem
470 1861 497 1973 0
514 1857 655 1920 109.
627 1855 671 1927 f.
685 1869 757 1909 wo
783 1871 825 1910 er
849 1857 975 1917 ſeiner
1011 1860 1054 1909 in
1075 1861 1256 1923 Penſyl⸗

285 1924 408 1976 anien
418 1925 658 1983 gehaltenen
670 1920 813 1986 ſieben
823 1921 1257 1984 General⸗Verſam⸗

255 1986 424 2108 155
443 1983 666 2050 gedencket,
687 1983 777 2050 auch
786 1983 907 2044 ſogar
919 1992 1060 2039 etwas
1076 1997 1159 2038 von
1173 1992 1251 2039 den

259 2049 318 2102 S

371 2046 496 2120 luͤſſen
523 2051 609 2099 und
625 2046 865 2119 Decreten,
889 2051 968 2122 der
982 2047 1253 2121 verſamleten

260 2108 547 2172 Vaͤter
417 2108 440 2185 /
454 2108 547 2172 nicht
561 2120 744 2169 weniger
754 2122 841 2163 eine
864 2108 1122 2185 lateiniſche
1143 2111 1254 2185 Rede

631 2171 682 2230 A
699 2188 735 2236 2
1064 2176 1246 2237 mitthei⸗
