1736 2362
159 1390 286 1450 Damit
308 1390 366 1433 des
371 1394 514 1447 Bapſts
521 1396 614 1447 reych
623 1396 721 1450 wuͤrd
729 1399 850 1449 geacht

160 1445 273 1496 Muſt
280 1447 351 1498 ehes
358 1448 556 1498 angreyſſen
565 1460 630 1500 gar
639 1453 826 1501 mitmacht

159 1497 234 1556 Vil
249 1500 356 1552 herꝛen
363 1502 432 1542 vnd
438 1499 551 1551 knecht
558 1502 684 1555 muſt
663 1497 697 1556 er
697 1505 841 1556 machen

158 1549 237 1599 Die
244 1551 315 1598 nutz
324 1563 441 1595 waren
449 1555 489 1598 zů
497 1555 614 1607 ſeynen
624 1557 828 1606 ſachen

156 1604 229 1646 Als
239 1603 407 1647 Cardinel
414 1610 485 1647 vnd
493 1612 617 1649 andere
626 1612 716 1662 mehe

155 1655 402 1710 Dergleychen
411 1660 553 1712 folgt
506 1655 554 1717 ein
562 1662 686 1714 groſſes
694 1665 767 1717 heer

156 1708 233 1756 Die
242 1710 369 1763 ſeckt
375 1721 421 1759 gantz
433 1716 503 1768 roth
512 1715 758 1767 gekleydet
778 1752 781 1757 war

147 1763 220 1821 An
229 1768 288 1807 der
296 1766 388 1821 hand
401 1777 478 1818 was
488 1768 580 1819 nicht
597 1778 652 1822 gut
660 1781 722 1824 eyn
731 1772 812 1824 har.

901 1400 1029 1445 Dumit
1054 1405 1106 1445 der
1136 1406 1234 1458 Bapſt
1252 1407 1352 1457 mocht
1369 1400 1472 1462 krigen
1576 1412 1579 1418 gelt

908 1456 1012 1505 Teylt
1020 1458 1070 1509 ehꝛ
1078 1457 1153 1509 ſeyn
1162 1459 1324 1509 glieder
1290 1456 1321 1509 in
1333 1462 1383 1502 die
1391 1465 1467 1504 welt

916 1505 1047 1558 Durch
1060 1519 1119 1561 gut
1130 1505 1243 1572 geſtalt
1250 1515 1321 1554 vnd
1336 1514 1470 1566 frünien
1480 1517 1599 1572 ſcheyn

908 1562 1057 1612 Welchs
1067 1564 1142 1615 ſeyn
1157 1564 1542 1624 fiſchhamemuſte
1564 1569 1587 1620 ſen

910 1612 1074 1667 Gekleydt
1081 1626 1157 1658 war
1165 1621 1221 1658 der
1229 1619 1326 1660 oeden
1335 1629 1431 1671 gantz
1441 1621 1537 1678 weyß

907 1667 1011 1718 Auch
1025 1677 1132 1721 petten
1142 1671 1205 1724 ſehe
1215 1673 1277 1714 mit
1284 1673 1386 1715 allem
1396 1673 1595 1728 flensß

907 1720 1015 1772 From
1021 1722 1250 1775 Patriarchen
1259 1728 1402 1768 woltens
1410 1729 1551 1780 ſeyn

913 1771 1082 1828 Derſach
1095 1776 1139 1829 ſie
1146 1779 1255 1831 gaben
1264 1780 1400 1835 nuͤreyn
1411 1782 1535 1836 ſcheyn.
