2000 2271
715 255 743 289 AU
763 257 830 295 jeder
851 254 934 296 flouge
953 254 1007 285 und
1026 251 1136 292 fOmrt
1157 252 1208 292 noh
1227 252 1313 292 Yraf,

716 312 774 345 Die
795 310 872 352 Zhür
893 311 919 351 If
941 310 1106 350 zwaamauhl
1128 319 1213 349 ganga
1236 310 1272 348 afı

715 369 776 403 Und
798 368 849 400 mwöi
871 374 943 400 mers
965 377 1018 399 nau
1040 368 1105 409 haut
1119 367 1196 406 röcht
1219 365 1348 403 befracht,

716 425 793 466 Haut
813 425 861 457 dis
884 429 926 457 der
948 424 1007 464 Zug
1027 435 1079 457 von
1100 410 1205 464 Tenfter
1226 424 1344 463 g’macht.

716 482 784 522 Deiz
803 489 860 514 wos
880 483 907 521 Iß
930 484 1016 515 weiter
1038 482 1158 522 zmady'n
1180 485 1249 518 Ddau,

717 541 861 573 Annander
884 539 977 580 hob’ns
997 546 1065 578 ausg
1077 539 1142 576 lacht
1161 548 1225 570 nau.

717 596 783 637 Deiz
805 598 919 636 mac
884 596 922 637 ns
942 596 1004 635 fchdi
1026 598 1065 628 die
1083 597 1187 635 Fenfter
1208 605 1269 635 zou,

714 655 775 689 Und
798 656 873 693 lieg'n
896 655 931 695 (ib
954 655 1098 695 nohmauhl
1120 664 1162 693 zor
1182 653 1274 692 Rouh,.

716 713 761 752 In
785 715 882 744 andern
904 712 961 750 Tog
984 722 1034 742 nau
1057 713 1082 742 in
1105 715 1148 742 der
1169 710 1269 750 Frsih,

716 769 785 802 Dau
809 768 864 809 häit
884 778 939 799 mer
960 769 1029 807 folln
1052 768 1157 809 haiern,
1179 768 1230 798 wii

716 828 744 859 U
764 830 834 866 jeder
856 828 891 867 fih
912 830 962 857 Ddau
984 828 1075 865 g’lacht
1095 826 1160 865 haut
1182 825 1246 863 fatt,

716 884 776 916 Und
796 883 847 915 mwöi
867 894 894 915 er
916 884 980 924 baut
1001 883 1120 922 Corafchi
1139 883 1221 921 g’hat.

716 941 776 974 Und
797 951 871 972 wenn
892 951 947 973 mer
969 942 1008 972 die
1028 950 1092 980 ganz
1114 939 1241 977 G’fchicht
1259 937 1387 975 betracht,

717 997 793 1038 Haut
813 1004 900 1032 aner’n
920 1002 1044 1031 yandern
1066 997 1202 1037 forchefam
1223 994 1342 1035 g’macht,
