2811 4026
929 2526 1016 2581 cE
406 315 720 439 E
995 343 1169 409 rI
805 310 2177 382 T
810 343 2209 450 LR-A1 A.
1171 439 1430 497 Das iſt:
709 476 1091 587 mſtaͤndlicher
1184 482 1694 578 ericht und klarer
1761 483 2101 589 nterricht
1189 568 1501 630 on dem
630 694 902 783 u
598 705 896 884 bg
1210 729 1258 765 l
1704 704 1845 787 7
1721 747 1832 886 n
2011 698 2322 798 n*
2012 650 2355 893 i
2138 771 2183 793 r
1424 971 1666 1020 M 9
1084 992 1268 1082 l⸗
1425 1009 1659 1087 ⸗
291 1093 2440 1181 Auf alle in Teutſchland uͤbliche Land⸗und Haus⸗ Wirthſchafften gerichtet / hin und
321 1158 2322 1237 wieder mit vielen untermengten raren Erfindungen und Exverimenten verſehen / einer merck⸗
553 1220 2103 1296 lichen Anzahl ſchoͤner Kupffer gezieret / nd in weyen abſonderlichen
770 1275 1866 1351 Theilen / deren jeder in Sechs Bůchern beſtehet /
1136 1333 1502 1395 vorgeſtellet;
890 1383 1772 1463 Alſo und dergeſtalt / daß in dem
1246 1471 1352 1544 ten
1449 1459 1644 1568 heit
291 1552 2448 1629 Der Landgitei Zugehoͤrunaen und Beobachtunaen / wi ic tziſillclie ausbatii und
291 1608 2449 1690 Hausmuͤtter in ihrem gantzen Beruff / ſowol inner⸗ als auſſerhalb des Hauſes / in allen Begebenheiten und fuͤrſal⸗
324 1666 2336 1737 lenden Veraͤnderungen / als auch durch das gantze Jahr / mit allen Arbeiten und Anitellungen / im Haus
462 1712 2198 1784 und Felde / und gegen Jederman zu verhalten / auch wie die Weinberge / Obſt⸗Kuchen⸗
729 1764 1928 1831 Artzney⸗ und Blumen⸗Gaͤrten auf das beſte einzurichten /
989 1814 1642 1879 zu warten und zu genieſſen /
1157 1865 1462 1924 enthalten.
902 1908 1143 2022 Jm
1251 1920 1445 2006 ndern
1543 1915 1743 2019 heil
291 2014 2431 2096 Wie der ganne JFeldbau auf das leichteſte / beſte und nuͤtzlichſte anzuordnen / dol in den Ge.
291 2074 2452 2149 ſtuͤttereyen / die Pferdzucht und Abrichtung / als auch in den Mayerhoͤfen alles Vieh / groß und klein / zu beſtellen /
291 2129 2447 2195 aufzubringen / zu pflegen / zu genieſſen / und der Wieſenwachs / auch die Bienen und Seidenwuͤrme / mit gutem Vortheil zu verſorgen /
363 2167 2310 2231 allerley Waſſerluſt mit Bronnen / Ciſternen / Canalen / Waſſerkuͤnſten / auch Ausfluͤſſen / Seen / Teichen / Weyhern / Baͤchen
499 2211 2145 2273 und Fiſchereyen zu ſchoͤpffen / die Gehuͤltze zu pflantzen / zu hayden / zu verdeſſern, auch allerhand Weid⸗
692 2252 1969 2309 werck / mit groſſem und kleinem Wildpret / Wald⸗ und Feldgefluͤgel zu tretben /
1142 2294 1504 2349 abgehandelt wird.
426 2335 2233 2427 Durch ein Mitglied der Hochloͤbl. Eruchtbringenden Geſellſchafft
1052 2413 1586 2479 ans Liecht gegeben.
1134 3413 1527 3483 Nuͤrnberg /
334 3482 1011 3580 Jn Verlegung Johann
1060 3471 2324 3562 riederich Endters / undc.dters Scel.
648 3553 1023 3630 nachgelaſſenen
1087 3549 2013 3628 ittib und Erben. Jm Jahr Chriſti 168a2.
1633 2525 1753 2598 o,
823 3326 968 3379 D
