2811 4027
810 294 1644 373 z:) o : ⸗
339 398 1130 494 itrtrt itrttſtsſt stit
339 479 2357 665 s hhrss sb
1084 663 1624 774 Zuſchrifft /
423 764 2338 892 An die Hochloͤblichen / beeder Ertzhertzogthum Oeſterreich
876 865 1764 958 Unter⸗und Gb⸗ der Ennß/
603 949 2182 1111 geſamte erren erren Ftaͤnde.
706 1140 2359 1254 CH komme nicht / mit dieſem / Hochwehrteſte Herren /
711 1220 2362 1342 Herren / Eur Gunſt und Freundſchafft einigen Unterricht
723 1314 2361 1429 n der Haus haltung und Wirthſchafften (welche ohne
736 1401 2362 1514 iß / die meiſten unter hnen haubtſaͤchlich verſtehen / und
673 1479 2365 1597 von denen ich ſelbſt beſſere information nehmen / als Jhnen
339 1571 2358 1687 geben koͤnte) vorzuſchreiben; ſondern vielmehr dieſe meine Gedan
339 1649 2367 1772 cken / deren geneigtem Urtheil und willfährigem Schutz zu untergeben
339 1743 2365 1860 und zuzueignen. Jch will allein hier melden / daß die geſchickliche
339 1829 2363 1940 Wiſſenſchafft recht Haus zu halten / nach der Himmliſchen Seelen⸗
339 1915 2365 2031 Nahrung die allernoͤhtigſte ſey / angeſehen unſer menſchliches Leben /
339 1998 2365 2118 woferne wir die wahre Chriſtliche Liebe und Einigkeit in uns einge⸗
339 2089 2365 2196 wurtzelt haͤtten / einander nicht beleidigten / unterdruͤckten / oder uͤber⸗
339 2174 2366 2291 vortheilten / keiner andern Obrigkeit / als GOttes / keiner Rechtsge⸗
339 2260 2367 2376 lehrten / als der eingepflantzten Billigkeit / was man ſelbſt gern oder
339 2348 2364 2461 ungerne hat / und keiner Aertzte / als nur der Maͤſſigkeit bedoͤrffen wuͤr⸗
339 2431 2365 2546 den; da hingegen GOtt der oberſte Schopfer / Erhalter und Haus⸗
339 2517 2365 2631 vatter Himmels und der Erden / dem Nenſchen / noch im Stande der
339 2603 2368 2719 Unſchuld / als ſeinem Verwalter / Pfleger und Obervogt / nicht allein
339 2690 2360 2805 die Mayrſchafft und Obſicht / uͤber alle ſeine / auf dem gantzen Erdbo⸗
351 2775 2365 2892 den / in Lufft und Waſſern befindliche Geſchopfe / ſondern auch das
356 2863 2361 2975 liebliche Paradiß anvertrauet / und daſelbſt eingeſetzt und inſtallirt hat /
353 2947 2357 3067 nicht daß er muͤſſig darinnen herum Luſt⸗ wandeln / und alſo ſeine Tä—
355 3035 2356 3154 ge in Nuͤſſiggang berzehren ſolte; ſed ut operaretur & cuſtodiret illum,
356 3123 2362 3241 daß er ihn bauete und bewahrete. Jnmaſſen denckwuͤrdig / daß Moſes
358 3208 2360 3324 nicht meldet / als ob GOtt dieſen holdſeligen Freuden⸗Ort ( wie ſeiner
361 3292 2358 3412 Allmacht ſehr leicht geweſen waͤre ) aus Nichts / wie das andere groſ⸗
359 3380 2361 3485 ſe eltgebaͤue erſchaffen / ſondern gleichſam mit abſonderlichem belie⸗
1606 3494 2365 3582 ai bigen
