<?xml version="1.0" encoding="UTF-8"?>
<pc:PcGts xmlns:pc="http://schema.primaresearch.org/PAGE/gts/pagecontent/2019-07-15" xmlns:xsi="http://www.w3.org/2001/XMLSchema-instance" xsi:schemaLocation="http://schema.primaresearch.org/PAGE/gts/pagecontent/2019-07-15 http://schema.primaresearch.org/PAGE/gts/pagecontent/2019-07-15/pagecontent.xsd" pcGtsId="OCR-D-OCR_0001">
    <pc:Metadata>
        <pc:Creator>OCR-D/core 2.71.0</pc:Creator>
        <pc:Created>2025-03-18T16:33:07.358922</pc:Created>
        <pc:LastChange>2025-03-18T16:33:07.358922</pc:LastChange>
        <pc:MetadataItem type="processingStep" name="preprocessing/optimization/binarization" value="ocrd-cis-ocropy-binarize">
            <pc:Labels externalModel="ocrd-tool" externalId="parameters">
                <pc:Label value="ocropy" type="method"/>
                <pc:Label value="0.5" type="threshold"/>
                <pc:Label value="False" type="grayscale"/>
                <pc:Label value="0.0" type="maxskew"/>
                <pc:Label value="0" type="noise_maxsize"/>
                <pc:Label value="0" type="dpi"/>
                <pc:Label value="page" type="level-of-operation"/>
            </pc:Labels>
            <pc:Labels externalModel="ocrd-tool" externalId="version">
                <pc:Label value="0.1.5" type="ocrd-cis-ocropy-binarize"/>
                <pc:Label value="2.71.0" type="ocrd/core"/>
            </pc:Labels>
        </pc:MetadataItem>
        <pc:MetadataItem type="processingStep" name="preprocessing/optimization/cropping" value="ocrd-tesserocr-crop">
            <pc:Labels externalModel="ocrd-tool" externalId="parameters">
                <pc:Label value="0" type="dpi"/>
                <pc:Label value="4" type="padding"/>
            </pc:Labels>
            <pc:Labels externalModel="ocrd-tool" externalId="version">
                <pc:Label value="0.19.1 (tesseract 5.4.1)" type="ocrd-tesserocr-crop"/>
                <pc:Label value="2.71.0" type="ocrd/core"/>
            </pc:Labels>
        </pc:MetadataItem>
        <pc:MetadataItem type="processingStep" name="preprocessing/optimization/binarization" value="ocrd-skimage-binarize">
            <pc:Labels externalModel="ocrd-tool" externalId="parameters">
                <pc:Label value="li" type="method"/>
                <pc:Label value="page" type="level-of-operation"/>
                <pc:Label value="0" type="dpi"/>
                <pc:Label value="0" type="window_size"/>
                <pc:Label value="0.34" type="k"/>
            </pc:Labels>
            <pc:Labels externalModel="ocrd-tool" externalId="version">
                <pc:Label value="0.1.8" type="ocrd-skimage-binarize"/>
                <pc:Label value="2.71.0" type="ocrd/core"/>
            </pc:Labels>
        </pc:MetadataItem>
        <pc:MetadataItem type="processingStep" name="preprocessing/optimization/despeckling" value="ocrd-skimage-denoise">
            <pc:Labels externalModel="ocrd-tool" externalId="parameters">
                <pc:Label value="page" type="level-of-operation"/>
                <pc:Label value="0" type="dpi"/>
                <pc:Label value="0.0" type="protect"/>
                <pc:Label value="1.0" type="maxsize"/>
            </pc:Labels>
            <pc:Labels externalModel="ocrd-tool" externalId="version">
                <pc:Label value="0.1.8" type="ocrd-skimage-denoise"/>
                <pc:Label value="2.71.0" type="ocrd/core"/>
            </pc:Labels>
        </pc:MetadataItem>
        <pc:MetadataItem type="processingStep" name="preprocessing/optimization/deskewing" value="ocrd-tesserocr-deskew">
            <pc:Labels externalModel="ocrd-tool" externalId="parameters">
                <pc:Label value="page" type="operation_level"/>
                <pc:Label value="0" type="dpi"/>
                <pc:Label value="1.5" type="min_orientation_confidence"/>
            </pc:Labels>
            <pc:Labels externalModel="ocrd-tool" externalId="version">
                <pc:Label value="0.19.1 (tesseract 5.4.1)" type="ocrd-tesserocr-deskew"/>
                <pc:Label value="2.71.0" type="ocrd/core"/>
            </pc:Labels>
        </pc:MetadataItem>
        <pc:MetadataItem type="processingStep" name="layout/segmentation/region" value="ocrd-cis-ocropy-segment">
            <pc:Labels externalModel="ocrd-tool" externalId="parameters">
                <pc:Label value="page" type="level-of-operation"/>
                <pc:Label value="0" type="dpi"/>
                <pc:Label value="20" type="maxcolseps"/>
                <pc:Label value="20" type="maxseps"/>
                <pc:Label value="10" type="maximages"/>
                <pc:Label value="4" type="csminheight"/>
                <pc:Label value="10" type="hlminwidth"/>
                <pc:Label value="0.01" type="gap_height"/>
                <pc:Label value="1.5" type="gap_width"/>
                <pc:Label value="True" type="overwrite_order"/>
                <pc:Label value="True" type="overwrite_separators"/>
                <pc:Label value="True" type="overwrite_regions"/>
                <pc:Label value="True" type="overwrite_lines"/>
                <pc:Label value="2.4" type="spread"/>
            </pc:Labels>
            <pc:Labels externalModel="ocrd-tool" externalId="version">
                <pc:Label value="0.1.5" type="ocrd-cis-ocropy-segment"/>
                <pc:Label value="2.71.0" type="ocrd/core"/>
            </pc:Labels>
        </pc:MetadataItem>
        <pc:MetadataItem type="processingStep" name="preprocessing/optimization/dewarping" value="ocrd-cis-ocropy-dewarp">
            <pc:Labels externalModel="ocrd-tool" externalId="parameters">
                <pc:Label value="0" type="dpi"/>
                <pc:Label value="4.0" type="range"/>
                <pc:Label value="1.0" type="smoothness"/>
                <pc:Label value="0.05" type="max_neighbour"/>
            </pc:Labels>
            <pc:Labels externalModel="ocrd-tool" externalId="version">
                <pc:Label value="0.1.5" type="ocrd-cis-ocropy-dewarp"/>
                <pc:Label value="2.71.0" type="ocrd/core"/>
            </pc:Labels>
        </pc:MetadataItem>
        <pc:MetadataItem type="processingStep" name="recognition/text-recognition" value="ocrd-calamari-recognize">
            <pc:Labels externalModel="ocrd-tool" externalId="parameters">
                <pc:Label value="qurator-gt4histocr-1.0" type="checkpoint_dir"/>
                <pc:Label value="confidence_voter_default_ctc" type="voter"/>
                <pc:Label value="line" type="textequiv_level"/>
                <pc:Label value="0.001" type="glyph_conf_cutoff"/>
            </pc:Labels>
            <pc:Labels externalModel="ocrd-tool" externalId="version">
                <pc:Label value="1.0.6 (calamari 1.0.7, tensorflow 2.12.1)" type="ocrd-calamari-recognize"/>
                <pc:Label value="2.71.0" type="ocrd/core"/>
            </pc:Labels>
        </pc:MetadataItem>
    </pc:Metadata>
    <pc:Page imageFilename="OCR-D-IMG/OCR-D-IMG_0001.tif" imageWidth="1205" imageHeight="1750" orientation="-0.066618410152273" readingDirection="left-to-right" textLineOrder="top-to-bottom">
        <pc:AlternativeImage filename="OCR-D-BIN/OCR-D-BIN_0001.IMG-BIN.png" comments=",binarized"/>
        <pc:AlternativeImage filename="OCR-D-CROP/OCR-D-CROP_0001.IMG-CROP.png" comments=",binarized,cropped"/>
        <pc:AlternativeImage filename="OCR-D-BIN2/OCR-D-BIN2_0001.IMG-BIN.png" comments=",cropped,binarized"/>
        <pc:AlternativeImage filename="OCR-D-BIN-DENOISE/OCR-D-BIN-DENOISE_0001.IMG-DEN.png" comments=",cropped,binarized,despeckled"/>
        <pc:AlternativeImage filename="OCR-D-BIN-DENOISE-DESKEW/OCR-D-BIN-DENOISE-DESKEW_0001.IMG-DESKEW.png" comments=",cropped,binarized,despeckled,deskewed"/>
        <pc:AlternativeImage filename="OCR-D-SEG/OCR-D-SEG_0001.IMG-CLIP.png" comments=",cropped,binarized,despeckled,deskewed,clipped"/>
        <pc:Border>
            <pc:Coords points="0,34 919,34 919,1697 0,1697"/>
        </pc:Border>
        <pc:ReadingOrder>
            <pc:OrderedGroup id="reading-order">
                <pc:RegionRefIndexed index="0" regionRef="OCR-D-BIN-DENOISE-DESKEW_0001_region0001"/>
                <pc:RegionRefIndexed index="1" regionRef="OCR-D-BIN-DENOISE-DESKEW_0001_region0002"/>
                <pc:RegionRefIndexed index="2" regionRef="OCR-D-BIN-DENOISE-DESKEW_0001_region0003"/>
            </pc:OrderedGroup>
        </pc:ReadingOrder>
        <pc:TextRegion id="OCR-D-BIN-DENOISE-DESKEW_0001_region0001">
            <pc:Coords points="812,163 709,163 708,164 604,164 603,165 500,165 499,166 417,165 416,166 363,166 362,167 317,167 316,168 275,168 274,169 252,169 251,170 248,170 247,171 246,171 245,172 244,172 242,174 241,174 240,175 239,175 237,177 236,177 235,178 234,178 233,179 232,179 230,181 229,181 228,182 227,182 225,184 224,184 223,185 222,185 220,187 219,187 218,188 217,188 215,190 214,190 213,191 212,191 211,192 210,192 208,194 207,194 206,195 205,195 203,197 202,197 201,198 200,198 198,200 197,200 196,201 195,201 193,203 192,203 191,204 190,204 188,206 187,206 186,207 185,207 184,208 183,208 181,210 180,210 179,211 178,211 176,213 175,213 174,214 173,214 169,218 169,219 168,220 168,221 167,222 167,223 166,224 166,225 165,226 165,227 164,228 164,229 163,230 163,231 162,232 162,233 161,234 161,235 160,236 160,237 159,238 159,239 158,240 158,241 157,242 157,243 156,244 156,245 155,246 155,247 154,248 154,249 153,250 153,252 152,253 152,254 151,255 151,256 150,257 150,258 149,259 149,260 148,261 148,262 147,263 147,264 146,265 146,266 145,267 145,268 144,269 144,270 143,271 143,272 142,273 142,274 141,275 141,276 140,277 140,278 139,279 139,280 138,281 138,282 137,283 137,285 136,286 136,287 135,288 135,289 134,290 134,291 133,292 133,293 132,294 132,295 131,296 131,297 130,298 130,299 129,300 129,301 128,302 128,303 127,304 127,305 126,306 126,307 125,308 125,309 124,310 124,311 123,312 123,313 122,314 122,315 121,316 121,317 120,318 120,320 119,321 119,322 118,323 118,324 117,325 117,326 116,327 116,328 115,329 115,330 114,331 114,332 113,333 113,334 112,335 112,336 111,337 111,338 110,339 110,340 109,341 109,342 108,343 108,344 107,345 107,346 106,347 106,348 105,349 105,350 104,351 104,353 103,354 103,355 102,356 102,357 101,358 101,359 100,360 100,361 99,362 99,363 98,364 98,365 97,366 97,367 96,368 96,369 95,370 95,371 94,372 94,373 93,374 93,375 92,376 92,377 91,378 91,379 90,380 90,381 89,382 89,383 88,384 88,387 87,388 87,393 86,394 85,493 86,494 86,568 87,569 87,573 91,577 92,577 95,580 96,580 98,582 99,582 100,583 101,583 102,584 103,584 104,585 105,585 106,586 165,586 166,587 283,587 284,588 383,588 384,587 449,587 450,586 515,587 516,586 581,586 582,585 646,585 647,584 711,584 712,583 775,583 776,582 840,582 841,581 875,581 876,580 879,580 880,579 884,579 885,578 889,578 890,577 893,577 894,576 898,576 899,575 902,575 903,574 907,574 908,573 912,573 913,572 916,572 917,571 919,571 919,163 918,162 813,162"/>
            <pc:TextLine id="OCR-D-BIN-DENOISE-DESKEW_0001_region0001_line0001">
                <pc:AlternativeImage filename="OCR-D-SEG-LINE-RESEG-DEWARP/OCR-D-SEG-LINE-RESEG-DEWARP_0001_OCR-D-BIN-DENOISE-DESKEW_0001_region0001_OCR-D-BIN-DENOISE-DESKEW_0001_region0001_line0001.IMG-DEWARP.png" comments="binarized,despeckled,dewarped"/>
                <pc:Coords points="188,214 187,215 172,215 169,218 169,232 168,233 168,236 169,237 169,239 171,237 173,237 175,235 186,235 191,240 191,241 193,243 211,243 212,242 218,242 220,240 221,240 222,239 223,239 224,238 226,238 227,237 229,237 231,235 231,234 232,233 232,216 216,216 215,215 214,215 213,214"/>
                <pc:Baseline points="168,233 232,231"/>
                <pc:TextEquiv conf="0.">
                    <pc:Unicode></pc:Unicode>
                </pc:TextEquiv>
            </pc:TextLine>
            <pc:TextLine id="OCR-D-BIN-DENOISE-DESKEW_0001_region0001_line0002">
                <pc:AlternativeImage filename="OCR-D-SEG-LINE-RESEG-DEWARP/OCR-D-SEG-LINE-RESEG-DEWARP_0001_OCR-D-BIN-DENOISE-DESKEW_0001_region0001_OCR-D-BIN-DENOISE-DESKEW_0001_region0001_line0002.IMG-DEWARP.png" comments="binarized,despeckled,dewarped"/>
                <pc:Coords points="864,163 849,163 848,164 843,164 842,165 840,165 839,166 838,166 837,167 836,167 834,169 833,169 831,167 830,167 829,166 828,166 827,165 823,165 822,164 810,164 809,163 791,163 790,164 780,164 779,165 775,165 774,166 773,166 767,172 761,172 760,173 733,173 731,171 730,171 729,170 721,170 720,171 719,171 718,172 717,172 716,173 674,173 673,172 673,171 672,170 672,169 669,166 668,166 667,165 652,165 651,166 650,166 645,171 645,172 644,173 642,173 641,174 634,174 632,172 632,171 629,168 628,168 627,167 616,167 615,168 614,168 611,171 611,172 609,174 597,174 596,173 576,173 574,171 574,170 570,166 569,166 568,165 558,165 557,166 556,166 549,173 537,173 532,168 531,168 530,167 513,167 512,166 499,166 499,166 447,165 446,166 440,166 439,167 437,167 436,168 435,168 430,173 430,174 427,177 407,177 406,176 406,172 405,171 405,170 402,167 401,167 400,166 386,166 385,167 384,167 381,170 381,171 380,172 380,174 379,175 376,175 375,174 375,173 374,172 374,171 371,168 370,168 369,167 362,167 359,167 358,168 357,168 356,169 355,169 354,168 346,168 345,169 343,169 342,170 337,170 336,169 303,169 302,168 294,168 293,169 274,169 255,169 254,170 251,170 248,170 247,171 247,172 246,173 246,177 247,178 247,179 250,182 251,182 254,185 255,185 259,189 260,189 263,192 263,195 262,196 262,197 261,198 261,205 260,206 260,216 264,220 271,220 272,221 273,221 274,222 275,222 277,224 297,224 298,223 301,223 302,222 303,223 306,223 307,222 321,222 322,223 328,223 329,222 334,222 335,223 342,223 343,224 351,224 352,223 361,223 362,222 368,222 369,221 373,221 374,220 380,220 381,219 392,219 393,220 396,220 397,221 411,221 412,222 429,222 430,223 436,223 437,222 442,222 443,223 454,223 455,222 456,222 457,221 472,221 473,222 474,222 475,223 513,224 514,223 533,223 534,222 557,222 558,221 563,221 564,222 584,222 585,223 598,223 599,222 601,222 602,221 607,221 610,224 610,225 615,230 618,230 619,229 622,229 623,228 624,228 625,227 626,227 627,226 629,226 629,225 631,223 640,223 641,222 642,222 643,221 646,221 647,220 653,220 654,221 655,221 658,224 659,224 660,225 663,225 664,226 665,226 666,225 671,225 675,221 730,221 731,220 764,220 765,219 766,219 767,218 775,218 777,220 779,220 781,222 782,222 785,225 786,225 787,226 788,225 790,225 791,224 793,224 794,223 794,222 795,221 806,221 807,220 815,220 816,219 840,219 841,218 843,218 844,217 856,217 858,219 858,220 859,220 860,221 861,221 862,222 864,222 865,223 866,222 868,222 870,220 871,220 872,219 875,222 876,222 878,224 887,224 888,223 893,223 894,224 905,224 906,223 919,223 919,163 918,163 917,162 865,162"/>
                <pc:Baseline points="267,217 315,211 920,209"/>
                <pc:TextEquiv conf="0.962963879108429">
                    <pc:Unicode>O lieber Kindt je herter ſtr aff /</pc:Unicode>
                </pc:TextEquiv>
            </pc:TextLine>
            <pc:TextLine id="OCR-D-BIN-DENOISE-DESKEW_0001_region0001_line0003">
                <pc:AlternativeImage filename="OCR-D-SEG-LINE-RESEG-DEWARP/OCR-D-SEG-LINE-RESEG-DEWARP_0001_OCR-D-BIN-DENOISE-DESKEW_0001_region0001_OCR-D-BIN-DENOISE-DESKEW_0001_region0001_line0003.IMG-DEWARP.png" comments="binarized,despeckled,dewarped"/>
                <pc:Coords points="175,236 173,238 171,238 169,240 169,244 168,245 168,249 165,252 165,269 167,271 167,272 168,273 168,274 169,275 169,277 170,278 171,278 172,279 172,281 173,282 173,287 174,288 174,297 175,298 177,298 178,299 181,299 182,300 183,300 184,301 185,301 186,302 187,302 188,303 190,303 191,304 192,304 193,305 194,305 195,306 198,306 199,307 218,307 219,308 221,308 222,309 224,309 225,310 226,309 226,288 224,286 224,284 223,283 223,281 217,275 217,273 220,270 222,270 223,269 224,269 225,268 226,268 227,267 227,251 225,249 224,249 219,244 219,243 212,243 211,244 193,244 190,241 190,240 186,236"/>
                <pc:Baseline points="174,295 226,306"/>
                <pc:TextEquiv conf="0.">
                    <pc:Unicode></pc:Unicode>
                </pc:TextEquiv>
            </pc:TextLine>
            <pc:TextLine id="OCR-D-BIN-DENOISE-DESKEW_0001_region0001_line0004">
                <pc:AlternativeImage filename="OCR-D-SEG-LINE-RESEG-DEWARP/OCR-D-SEG-LINE-RESEG-DEWARP_0001_OCR-D-BIN-DENOISE-DESKEW_0001_region0001_OCR-D-BIN-DENOISE-DESKEW_0001_region0001_line0004.IMG-DEWARP.png" comments="binarized,despeckled,dewarped"/>
                <pc:Coords points="843,219 841,219 840,220 816,220 815,221 809,221 808,222 806,222 805,223 801,223 800,224 794,224 793,225 791,225 790,226 788,226 787,227 786,226 785,226 782,223 781,223 779,221 777,221 775,219 767,219 766,220 765,220 764,221 763,221 762,222 762,225 761,226 747,226 746,227 702,227 701,226 666,226 665,227 664,227 663,226 660,226 659,225 658,225 655,222 654,222 653,221 647,221 646,222 643,222 642,223 641,223 640,224 638,224 636,226 632,226 631,227 627,227 626,228 625,228 624,229 623,229 622,230 619,230 618,231 615,231 609,225 609,224 607,222 602,222 601,223 599,223 598,224 596,224 596,225 594,227 581,227 580,226 572,226 571,227 530,227 529,228 508,228 507,229 504,229 503,228 479,227 477,225 477,224 475,224 474,223 473,223 472,222 457,222 456,223 455,223 454,224 453,224 452,225 452,226 451,227 447,227 446,226 446,225 445,224 443,224 442,223 437,223 436,224 430,224 429,225 428,225 425,228 423,228 422,229 418,229 417,228 406,228 405,227 401,227 400,226 400,224 399,223 399,222 397,222 396,221 393,221 392,220 381,220 380,221 374,221 373,222 369,222 368,223 366,223 366,224 363,227 346,227 345,226 339,226 337,224 335,224 334,223 329,223 328,224 322,224 321,223 307,223 306,224 303,224 302,223 301,224 298,224 297,225 276,225 275,226 275,227 272,230 271,230 270,231 268,231 267,232 267,235 271,239 271,266 273,268 274,268 275,269 276,269 277,270 278,270 279,271 280,271 281,272 282,272 283,273 284,273 286,275 321,275 322,274 332,274 333,275 334,275 335,276 349,276 350,277 361,277 362,278 362,279 364,281 365,281 366,282 378,282 379,283 383,283 384,284 389,284 390,283 391,283 395,279 395,278 397,276 400,276 401,275 403,275 404,274 407,274 408,273 411,273 412,272 417,272 418,271 427,271 428,270 431,270 432,271 433,271 434,270 449,270 450,269 491,270 492,271 493,270 497,270 498,269 533,269 534,270 536,270 537,269 550,269 551,270 573,270 574,269 600,269 601,270 604,270 605,271 607,271 608,272 619,272 620,273 623,273 624,274 628,274 629,273 630,273 632,271 651,271 652,272 660,272 661,271 666,271 667,270 675,270 676,271 712,271 713,272 721,272 722,271 789,271 790,270 808,270 809,269 811,269 812,268 821,268 822,269 824,269 825,268 835,268 836,269 838,269 839,270 840,270 841,271 877,271 878,270 901,270 902,269 919,269 919,225 894,225 893,224 888,224 887,225 878,225 876,223 875,223 872,220 871,221 870,221 868,223 866,223 865,224 864,223 862,223 861,222 860,222 859,221 858,221 857,220 857,219 856,218 844,218"/>
                <pc:Baseline points="271,265 920,259"/>
                <pc:TextEquiv conf="0.977684557437897">
                    <pc:Unicode>Ein ſpricbwort in der welte. An</pc:Unicode>
                </pc:TextEquiv>
            </pc:TextLine>
            <pc:TextLine id="OCR-D-BIN-DENOISE-DESKEW_0001_region0001_line0005">
                <pc:AlternativeImage filename="OCR-D-SEG-LINE-RESEG-DEWARP/OCR-D-SEG-LINE-RESEG-DEWARP_0001_OCR-D-BIN-DENOISE-DESKEW_0001_region0001_OCR-D-BIN-DENOISE-DESKEW_0001_region0001_line0005.IMG-DEWARP.png" comments="binarized,despeckled,dewarped"/>
                <pc:Coords points="811,270 809,270 808,271 806,271 805,272 805,273 803,275 793,275 792,276 775,276 774,277 723,277 722,276 704,276 703,275 681,275 678,272 676,272 675,271 667,271 666,272 664,272 661,275 624,275 623,274 620,274 619,273 608,273 607,272 605,272 604,271 601,271 600,270 574,270 573,271 551,271 550,270 537,270 536,271 534,271 533,270 498,270 497,271 493,271 492,272 491,271 450,270 449,271 434,271 433,272 432,272 431,271 428,271 427,272 418,272 417,273 412,273 411,274 408,274 407,275 404,275 403,276 401,276 400,277 398,277 391,284 390,284 389,285 384,285 383,284 379,284 378,283 372,283 371,284 367,284 366,283 361,283 360,282 352,282 351,281 338,281 337,280 337,279 336,278 336,277 335,277 334,276 333,276 332,275 322,275 321,276 319,276 317,278 317,279 315,281 286,281 284,283 283,283 281,285 280,285 278,287 277,287 274,290 274,314 282,322 283,322 284,321 302,321 303,322 312,322 313,321 322,321 323,322 327,322 328,323 365,323 366,322 368,322 369,323 374,323 376,321 376,320 377,319 377,318 380,315 385,315 386,314 389,314 391,316 394,316 397,319 397,320 398,321 399,321 400,322 401,321 414,321 415,322 431,322 432,321 486,321 487,322 488,321 493,322 494,323 502,323 503,324 544,324 545,323 622,323 623,322 663,322 664,321 702,321 703,320 705,320 706,319 722,319 723,320 724,320 725,321 810,321 811,322 822,322 823,321 840,321 841,320 859,320 860,319 862,319 863,318 875,318 876,319 891,319 892,318 893,318 894,319 902,319 903,318 919,318 919,275 906,275 905,274 895,274 894,275 842,275 841,274 841,272 840,271 839,271 838,270 836,270 835,269 825,269 824,270 822,270 821,269 812,269"/>
                <pc:Baseline points="274,312 920,308"/>
                <pc:TextEquiv conf="0.918378114700317">
                    <pc:Unicode>mir ERR Gott dem willenn</pc:Unicode>
                </pc:TextEquiv>
            </pc:TextLine>
            <pc:TextLine id="OCR-D-BIN-DENOISE-DESKEW_0001_region0001_line0006">
                <pc:AlternativeImage filename="OCR-D-SEG-LINE-RESEG-DEWARP/OCR-D-SEG-LINE-RESEG-DEWARP_0001_OCR-D-BIN-DENOISE-DESKEW_0001_region0001_OCR-D-BIN-DENOISE-DESKEW_0001_region0001_line0006.IMG-DEWARP.png" comments="binarized,despeckled,dewarped"/>
                <pc:Coords points="385,316 380,316 378,318 378,319 377,320 377,321 374,324 369,324 368,323 366,323 365,324 360,324 359,325 358,325 356,327 353,327 352,328 351,328 350,327 346,327 345,326 343,326 342,325 339,325 338,324 328,324 327,323 323,323 322,322 313,322 312,323 303,323 302,322 284,322 283,323 281,323 281,324 278,327 277,327 275,329 274,329 271,332 271,333 270,334 270,337 268,339 268,351 267,352 267,355 266,356 266,357 265,358 265,360 264,361 264,362 263,363 263,365 264,366 264,367 265,368 265,371 267,371 268,372 273,372 274,373 275,373 276,374 279,374 280,375 282,375 283,374 286,374 287,373 289,373 290,372 306,372 307,373 323,373 324,374 329,374 330,375 339,375 340,376 359,376 360,377 361,377 362,378 362,379 363,380 364,380 365,381 366,381 367,382 372,382 373,383 375,383 376,382 383,382 384,383 390,383 391,382 395,382 396,381 397,381 398,380 398,378 400,376 401,376 402,375 404,375 405,374 408,374 409,373 421,373 422,372 423,373 423,378 424,379 425,379 426,380 427,380 428,381 454,381 455,382 456,381 457,381 459,379 462,379 463,378 468,378 469,379 470,379 471,380 481,380 482,379 488,379 489,378 491,379 492,378 494,378 495,377 495,376 497,374 522,374 523,373 524,373 525,372 527,372 528,371 531,371 533,373 534,373 540,379 541,378 545,378 549,374 550,374 553,371 561,371 562,370 564,370 565,371 569,371 570,372 594,372 595,371 597,371 598,372 607,372 608,371 609,372 610,372 611,373 619,373 620,372 621,372 622,371 624,371 625,370 630,370 631,369 632,369 633,368 639,368 640,367 650,367 651,368 661,368 662,369 663,369 664,370 665,370 667,372 669,372 670,371 691,371 692,370 705,370 706,371 715,371 716,372 719,372 720,371 722,371 723,370 725,370 726,369 734,369 735,370 737,370 738,371 738,372 739,373 739,374 740,375 741,375 742,376 746,376 747,377 756,377 757,376 758,376 759,375 760,375 762,373 762,372 763,371 778,371 779,372 781,372 782,373 790,373 791,372 792,372 793,371 800,371 801,372 802,371 804,371 805,370 808,370 809,369 814,369 815,370 820,370 821,371 823,371 824,372 827,372 828,371 829,371 830,372 858,372 859,373 859,374 860,375 860,376 862,376 863,377 873,377 874,376 876,376 877,375 879,375 880,374 881,374 882,373 883,373 884,372 885,372 886,371 919,371 919,324 881,324 879,322 879,321 878,320 876,320 875,319 863,319 862,320 860,320 859,321 857,321 856,322 856,323 855,324 848,324 847,325 838,325 837,326 829,326 828,327 815,327 814,328 780,328 779,327 762,327 761,326 746,326 745,325 728,325 727,324 727,323 726,322 725,322 724,321 723,321 722,320 706,320 705,321 703,321 701,323 701,324 700,325 684,325 683,326 666,326 665,327 573,327 572,326 563,326 562,327 561,327 560,328 542,328 541,329 526,329 525,330 513,330 512,329 511,329 508,326 507,326 506,325 503,325 502,324 494,324 493,323 488,322 487,323 486,322 432,322 431,323 415,323 414,322 401,322 400,323 399,322 398,322 396,320 396,319 394,317 391,317 389,315 386,315"/>
                <pc:Baseline points="443,361 920,360"/>
                <pc:TextEquiv conf="0.971554815769196">
                    <pc:Unicode>ſchaff / Jm zorn mich ya nicht</pc:Unicode>
                </pc:TextEquiv>
            </pc:TextLine>
            <pc:TextLine id="OCR-D-BIN-DENOISE-DESKEW_0001_region0001_line0007">
                <pc:AlternativeImage filename="OCR-D-SEG-LINE-RESEG-DEWARP/OCR-D-SEG-LINE-RESEG-DEWARP_0001_OCR-D-BIN-DENOISE-DESKEW_0001_region0001_OCR-D-BIN-DENOISE-DESKEW_0001_region0001_line0007.IMG-DEWARP.png" comments="binarized,despeckled,dewarped"/>
                <pc:Coords points="639,369 633,369 632,370 631,370 630,371 627,371 624,374 623,374 621,376 604,376 603,375 595,375 594,376 573,376 572,375 572,374 571,373 570,373 569,372 565,372 564,371 562,371 561,372 553,372 550,375 549,375 545,379 541,379 540,380 534,374 533,374 531,372 528,372 527,373 525,373 524,374 523,374 522,375 521,375 521,376 520,377 520,378 519,379 492,379 491,380 489,379 488,380 482,380 481,381 471,381 470,380 469,380 468,379 463,379 462,380 459,380 457,382 456,382 455,383 454,382 428,382 427,381 426,381 425,380 424,380 422,378 422,376 421,375 421,374 409,374 408,375 405,375 404,376 402,376 401,377 400,377 399,378 399,380 397,382 396,382 395,383 391,383 390,384 384,384 383,383 376,383 375,384 373,384 372,383 367,383 366,382 365,382 364,381 362,381 361,380 351,380 350,379 344,379 343,378 340,378 339,377 337,377 336,376 330,376 329,375 324,375 323,374 307,374 306,373 290,373 289,374 287,374 286,375 283,375 282,376 280,376 279,375 276,375 275,374 274,374 273,373 268,373 267,372 262,372 261,373 244,373 243,374 240,374 239,375 238,375 237,376 234,376 233,377 225,377 224,378 220,378 219,379 209,379 208,380 203,380 202,379 199,379 198,378 197,378 196,377 195,377 194,376 182,376 181,377 180,377 179,378 177,378 175,380 173,380 172,381 161,381 160,380 157,380 156,379 154,379 153,378 151,378 150,377 147,377 146,376 129,376 128,375 123,375 122,374 111,374 110,375 99,375 95,379 94,379 91,382 90,382 89,383 89,384 88,385 88,387 88,396 87,397 86,397 86,422 87,422 93,428 94,428 95,429 95,433 96,433 97,434 99,434 100,435 109,435 110,434 111,434 112,433 112,432 114,430 114,429 115,428 117,428 118,427 127,427 128,426 133,426 134,427 137,427 139,429 139,430 143,434 149,434 150,433 152,433 153,432 154,432 155,431 156,431 159,428 176,428 177,427 179,427 180,428 181,428 182,429 187,429 188,428 191,428 193,426 195,426 196,425 203,425 204,426 222,426 223,425 275,425 276,424 277,424 278,423 289,423 290,422 291,423 321,423 322,422 345,422 346,423 348,423 349,424 357,424 358,425 383,425 384,426 392,426 393,425 399,425 400,424 413,424 414,423 426,423 427,422 436,422 437,423 439,423 440,424 463,424 464,423 485,423 486,422 512,423 513,422 525,422 526,421 530,421 531,420 552,420 553,421 554,421 555,422 556,422 557,423 569,423 570,424 572,424 574,426 574,427 575,428 577,428 578,429 580,429 581,430 583,430 584,431 594,431 595,430 599,430 600,429 603,429 604,428 606,428 610,424 618,424 621,427 624,427 625,428 629,428 630,427 633,427 634,426 635,426 637,424 638,424 640,422 647,422 648,421 656,421 657,420 671,420 672,421 688,421 689,420 692,420 693,421 704,421 705,420 706,420 707,419 708,419 709,418 721,418 722,419 723,419 724,420 725,420 732,413 741,413 742,414 743,414 744,415 745,415 746,416 746,423 749,423 750,422 751,423 760,423 761,422 761,421 762,420 782,420 783,421 806,421 807,422 807,423 808,423 809,424 810,424 811,425 815,425 816,426 817,426 818,425 820,425 822,423 823,423 824,422 825,422 827,420 828,420 829,419 835,419 836,420 862,420 863,421 871,421 872,420 879,420 880,419 881,419 882,418 885,418 886,419 898,419 899,420 914,420 915,419 919,419 919,373 913,373 912,372 896,372 895,373 893,373 892,374 885,374 884,375 880,375 879,376 877,376 876,377 874,377 873,378 863,378 862,377 856,377 855,376 845,376 844,375 835,375 834,374 827,374 826,373 824,373 823,372 821,372 820,371 815,371 814,370 809,370 808,371 805,371 804,372 802,372 800,374 762,374 760,376 759,376 758,377 757,377 756,378 747,378 746,377 742,377 741,376 740,376 738,374 738,373 737,372 737,371 735,371 734,370 726,370 725,371 723,371 722,372 720,372 719,373 717,373 716,374 709,374 708,373 708,372 706,372 705,371 692,371 691,372 689,372 687,374 677,374 676,375 668,375 667,374 667,373 665,371 664,371 663,370 662,370 661,369 651,369 650,368 640,368"/>
                <pc:Baseline points="86,420 920,409"/>
                <pc:TextEquiv conf="0.94384777545929">
                    <pc:Unicode>ſchelte. Wiewol ich viel geſunditet han /</pc:Unicode>
                </pc:TextEquiv>
            </pc:TextLine>
            <pc:TextLine id="OCR-D-BIN-DENOISE-DESKEW_0001_region0001_line0008">
                <pc:AlternativeImage filename="OCR-D-SEG-LINE-RESEG-DEWARP/OCR-D-SEG-LINE-RESEG-DEWARP_0001_OCR-D-BIN-DENOISE-DESKEW_0001_region0001_OCR-D-BIN-DENOISE-DESKEW_0001_region0001_line0008.IMG-DEWARP.png" comments="binarized,despeckled,dewarped"/>
                <pc:Coords points="725,421 724,421 723,420 722,420 721,419 709,419 708,420 707,420 706,421 705,421 704,422 693,422 692,421 689,421 688,422 672,422 671,421 657,421 656,422 648,422 647,423 640,423 638,425 637,425 635,427 634,427 633,428 630,428 629,429 625,429 624,428 621,428 620,427 618,427 617,428 610,428 609,429 604,429 603,430 600,430 599,431 595,431 594,432 584,432 583,431 581,431 580,430 578,430 577,429 572,429 571,428 564,428 563,427 559,427 558,426 558,424 557,424 556,423 555,423 554,422 553,422 552,421 531,421 530,422 526,422 525,423 522,423 522,424 521,425 521,426 520,427 507,427 506,428 493,428 492,429 487,428 486,427 468,427 467,426 458,426 457,425 440,425 439,424 437,424 436,423 427,423 426,424 414,424 413,425 400,425 399,426 393,426 392,427 384,427 383,426 382,427 378,427 377,428 371,428 370,427 367,427 366,426 358,426 357,425 349,425 348,424 346,424 345,423 322,423 321,424 291,424 290,423 289,424 278,424 277,425 276,425 275,426 268,426 267,427 266,427 263,430 262,430 261,429 212,429 211,428 207,428 206,427 204,427 203,426 196,426 195,427 193,427 191,429 188,429 187,430 173,430 172,431 164,431 163,432 155,432 154,433 153,433 152,434 150,434 149,435 143,435 138,430 138,429 137,428 134,428 133,427 128,427 127,428 118,428 117,429 115,429 115,430 113,432 113,433 111,435 110,435 109,436 100,436 99,435 97,435 96,434 95,434 88,441 87,478 93,484 97,484 98,483 101,483 102,482 110,482 111,483 112,483 113,484 120,484 121,485 124,485 125,484 137,484 138,483 145,483 146,482 149,482 150,481 153,481 154,480 155,480 156,479 158,479 159,478 164,478 165,477 176,477 177,476 189,476 190,475 191,475 192,474 193,474 194,473 207,473 208,474 210,474 211,475 212,475 213,474 259,474 260,475 265,475 266,476 271,476 273,478 273,479 274,479 275,480 276,480 277,481 278,481 279,482 286,482 287,483 288,482 296,482 297,481 298,481 300,479 301,479 304,476 318,476 319,475 320,475 321,474 335,474 336,475 337,475 338,476 363,476 364,475 366,475 367,474 381,474 382,475 383,475 384,476 438,476 439,475 440,476 447,476 448,475 449,475 450,474 451,474 452,473 454,473 455,472 461,472 462,471 476,471 477,472 480,472 481,473 550,474 551,473 556,473 557,472 578,472 579,471 581,471 582,470 588,470 589,471 608,471 609,472 620,472 621,473 622,473 623,474 626,474 627,475 629,475 630,476 632,476 633,477 637,477 638,478 646,478 647,479 653,479 654,480 667,480 668,481 669,480 683,480 684,479 690,479 691,478 692,478 693,477 694,477 694,476 696,474 696,472 697,471 700,471 701,470 702,470 703,469 707,469 708,468 714,468 715,467 719,467 720,468 722,468 723,469 728,469 729,468 734,468 735,469 739,469 740,468 746,468 747,467 751,467 752,468 753,467 758,467 759,468 764,468 765,469 770,469 771,470 781,470 782,471 790,471 791,470 846,470 847,471 879,471 880,470 881,470 882,469 886,469 887,470 889,470 890,471 892,471 893,472 894,472 895,473 896,473 897,474 898,474 899,475 900,474 901,474 904,471 919,471 919,424 903,424 902,423 902,421 899,421 898,420 886,420 885,419 882,419 881,420 880,420 879,421 877,421 876,422 876,423 875,424 840,424 839,423 839,422 838,421 836,421 835,420 829,420 828,421 827,421 825,423 824,423 823,424 822,424 820,426 818,426 817,427 816,427 815,426 811,426 810,425 809,425 808,424 777,424 776,425 762,425 761,424 751,424 750,423 749,424 746,424 745,423 745,416 744,416 743,415 742,415 741,414 732,414"/>
                <pc:Baseline points="87,475 194,464 920,461"/>
                <pc:TextEquiv conf="0.972752809524536">
                    <pc:Unicode>Fur dir Err Gott alleme / Jch bitt dieh</pc:Unicode>
                </pc:TextEquiv>
            </pc:TextLine>
            <pc:TextLine id="OCR-D-BIN-DENOISE-DESKEW_0001_region0001_line0009">
                <pc:AlternativeImage filename="OCR-D-SEG-LINE-RESEG-DEWARP/OCR-D-SEG-LINE-RESEG-DEWARP_0001_OCR-D-BIN-DENOISE-DESKEW_0001_region0001_OCR-D-BIN-DENOISE-DESKEW_0001_region0001_line0009.IMG-DEWARP.png" comments="binarized,despeckled,dewarped"/>
                <pc:Coords points="715,468 714,469 708,469 707,470 703,470 702,471 701,471 700,472 698,472 697,473 697,474 695,476 695,477 694,478 693,478 692,479 691,479 690,480 684,480 683,481 669,481 668,482 667,481 654,481 653,480 647,480 646,479 638,479 637,478 633,478 632,477 630,477 629,476 627,476 626,475 623,475 622,474 621,474 620,473 609,473 608,472 589,472 588,471 582,471 581,472 579,472 578,473 557,473 556,474 551,474 550,475 544,475 543,476 540,476 539,477 534,477 533,478 526,478 525,479 522,479 521,478 512,478 511,477 505,477 504,476 498,476 497,475 481,474 480,473 477,473 476,472 462,472 461,473 455,473 454,474 452,474 451,475 450,475 449,476 448,476 447,477 446,477 445,478 442,478 441,479 437,479 436,480 426,480 425,481 405,481 404,482 392,482 391,481 387,481 386,480 386,478 385,477 384,477 383,476 382,476 381,475 367,475 366,476 364,476 363,477 361,477 359,479 359,480 358,481 355,481 354,480 354,479 352,477 338,477 337,476 336,476 335,475 321,475 320,476 319,476 318,477 316,477 316,478 315,479 315,481 314,482 300,482 299,483 288,483 287,484 286,483 279,483 278,482 277,482 276,481 275,481 274,480 269,480 268,479 257,479 256,478 244,478 243,477 242,477 241,476 240,476 239,475 230,475 229,476 228,476 227,477 226,477 225,478 213,478 210,475 208,475 207,474 194,474 193,475 192,475 191,476 190,476 189,477 188,477 186,479 181,479 180,480 172,480 171,481 162,481 161,482 150,482 149,483 146,483 145,484 138,484 137,485 125,485 124,486 121,486 120,485 113,485 112,484 111,484 110,483 102,483 101,484 98,484 97,485 93,485 87,491 87,519 92,524 92,525 94,527 100,527 101,526 110,526 111,527 114,527 115,528 122,528 123,527 139,527 140,528 149,528 150,527 157,527 158,528 166,528 167,527 190,527 191,528 191,529 192,530 193,530 194,531 195,531 196,532 204,532 205,531 207,531 208,530 210,530 211,529 212,529 215,526 224,526 225,525 241,525 242,524 243,524 244,523 255,523 256,524 257,524 258,525 298,525 299,526 310,526 311,525 332,525 333,524 343,524 344,525 345,525 346,524 350,524 351,523 357,523 358,522 369,522 370,523 371,523 372,524 373,524 374,525 377,525 378,524 392,524 393,523 409,523 410,524 445,524 446,523 462,523 463,524 471,524 472,523 475,523 476,522 487,522 488,521 501,522 502,523 503,522 508,522 509,521 537,521 538,522 547,522 548,523 549,523 550,524 558,524 559,523 605,523 606,522 607,522 608,521 611,521 612,520 615,520 616,519 642,519 643,520 644,520 645,521 664,521 665,522 671,522 672,521 674,521 675,520 683,520 684,521 685,521 686,522 697,522 699,524 700,524 701,525 710,525 711,524 712,524 714,522 718,522 719,523 728,523 729,524 729,526 730,526 731,527 732,527 733,528 737,528 738,529 739,529 740,528 746,528 747,527 748,527 749,526 750,526 751,525 751,524 752,523 773,523 774,522 797,522 798,521 828,521 829,520 831,520 832,519 836,519 837,520 855,520 856,519 857,519 858,518 872,518 873,519 874,519 875,520 887,520 888,519 893,519 894,518 899,518 900,517 909,517 910,518 912,518 913,519 914,518 919,518 919,476 915,476 914,475 913,475 912,474 902,474 901,475 900,475 899,476 898,475 897,475 896,474 895,474 894,473 893,473 892,472 890,472 889,471 887,471 886,470 882,470 881,471 880,471 879,472 877,472 876,473 876,474 874,476 869,476 868,477 846,477 845,478 844,477 841,477 840,476 822,476 821,477 809,477 808,476 790,476 789,475 783,475 782,474 780,474 778,472 777,472 776,471 771,471 770,470 765,470 764,469 759,469 758,468 753,468 752,469 751,468 747,468 746,469 740,469 739,470 735,470 734,469 729,469 728,470 723,470 722,469 720,469 719,468"/>
                <pc:Baseline points="87,517 919,508"/>
                <pc:TextEquiv conf="0.96204662322998">
                    <pc:Unicode>dureh der lieben Son / Du woͤlſt verzei⸗</pc:Unicode>
                </pc:TextEquiv>
            </pc:TextLine>
            <pc:TextLine id="OCR-D-BIN-DENOISE-DESKEW_0001_region0001_line0010">
                <pc:AlternativeImage filename="OCR-D-SEG-LINE-RESEG-DEWARP/OCR-D-SEG-LINE-RESEG-DEWARP_0001_OCR-D-BIN-DENOISE-DESKEW_0001_region0001_OCR-D-BIN-DENOISE-DESKEW_0001_region0001_line0010.IMG-DEWARP.png" comments="binarized,despeckled,dewarped"/>
                <pc:Coords points="900,518 899,519 894,519 893,520 888,520 887,521 886,521 883,524 877,524 876,523 876,521 875,521 874,520 873,520 872,519 858,519 857,520 856,520 855,521 837,521 836,520 832,520 831,521 829,521 828,522 826,522 826,523 825,524 822,524 821,525 809,525 808,526 790,526 789,527 749,527 748,528 747,528 746,529 740,529 739,530 738,530 737,529 733,529 732,528 731,528 730,527 725,527 724,526 690,526 688,524 688,523 686,523 685,522 684,522 683,521 675,521 674,522 672,522 671,523 669,523 666,526 652,526 651,527 648,527 647,526 647,523 646,522 645,522 644,521 643,521 642,520 616,520 615,521 612,521 611,522 608,522 607,523 606,523 605,524 604,524 600,528 586,528 585,527 578,527 577,526 573,526 572,525 569,525 568,524 559,524 558,525 550,525 549,524 548,524 547,523 538,523 537,522 509,522 508,523 503,523 502,524 501,523 488,522 487,523 476,523 475,524 472,524 471,525 465,525 464,526 462,526 461,527 459,527 458,528 454,528 453,529 446,529 445,530 415,530 414,529 414,528 413,527 413,526 412,525 410,525 409,524 393,524 392,525 390,525 389,526 389,527 388,528 388,529 387,530 376,530 375,529 375,526 374,526 373,525 372,525 371,524 370,524 369,523 358,523 357,524 351,524 350,525 346,525 345,526 344,526 343,525 333,525 332,526 330,526 329,527 329,528 328,529 328,530 327,531 261,531 260,530 260,527 259,526 258,526 257,525 256,525 255,524 244,524 243,525 242,525 241,526 240,526 240,527 239,528 239,530 238,531 208,531 207,532 205,532 204,533 196,533 195,532 194,532 193,531 183,531 182,532 156,532 155,533 142,533 141,532 129,532 128,531 119,531 117,529 115,529 114,528 111,528 110,527 101,527 100,528 97,528 96,529 95,529 95,530 86,539 86,564 87,565 87,573 88,574 89,574 94,579 95,579 97,581 101,581 103,583 103,584 104,585 106,585 107,586 113,586 114,585 117,585 118,584 120,584 121,583 122,583 124,581 128,581 129,580 139,580 140,579 147,579 148,578 158,578 159,579 168,579 169,578 170,578 171,577 173,577 174,576 264,576 265,577 297,577 298,578 299,578 300,579 311,579 312,578 334,578 335,579 335,581 336,582 336,583 338,585 339,585 341,587 342,587 343,588 351,588 352,587 353,587 357,583 357,582 358,581 358,580 360,578 388,578 389,579 389,580 390,581 390,582 392,584 393,584 394,585 395,585 396,586 397,586 398,587 406,587 407,586 410,586 411,585 412,585 414,583 414,582 416,580 416,579 417,578 431,578 432,577 469,577 470,578 471,578 472,579 481,579 482,578 483,578 484,577 485,577 486,576 505,577 506,576 527,576 528,575 551,575 552,576 561,576 562,575 564,575 565,576 580,576 581,577 590,577 591,576 597,576 598,577 598,579 599,580 599,581 602,584 603,584 604,585 614,585 615,584 616,584 617,583 618,583 620,581 620,580 621,579 621,577 622,576 628,576 629,577 639,577 640,576 653,576 654,575 670,575 671,574 690,574 691,573 712,573 713,572 727,572 728,573 729,573 730,574 738,574 739,573 740,573 741,572 750,572 751,573 819,573 821,575 821,576 823,578 824,578 825,579 829,579 830,580 838,580 839,579 840,579 843,576 843,575 845,573 853,573 855,575 855,576 856,577 856,578 858,580 859,580 860,581 873,581 874,580 875,580 877,578 878,578 883,573 895,573 896,572 912,572 913,571 919,571 919,524 916,524 915,523 915,522 914,521 914,520 913,520 912,519 910,519 909,518"/>
                <pc:Baseline points="87,570 919,563"/>
                <pc:TextEquiv conf="0.96924364566803">
                    <pc:Unicode>hen mein miſsthun / Von ſanden waſchẽ</pc:Unicode>
                </pc:TextEquiv>
            </pc:TextLine>
            <pc:TextEquiv>
                <pc:Unicode>
O lieber Kindt je herter ſtr aff /

Ein ſpricbwort in der welte. An
mir ERR Gott dem willenn
ſchaff / Jm zorn mich ya nicht
ſchelte. Wiewol ich viel geſunditet han /
Fur dir Err Gott alleme / Jch bitt dieh
dureh der lieben Son / Du woͤlſt verzei⸗
hen mein miſsthun / Von ſanden waſchẽ</pc:Unicode>
            </pc:TextEquiv>
        </pc:TextRegion>
        <pc:TextRegion id="OCR-D-BIN-DENOISE-DESKEW_0001_region0002">
            <pc:Coords points="108,585 107,586 98,586 91,593 91,594 90,595 90,633 89,634 89,711 88,712 88,850 87,851 87,983 88,984 88,998 89,999 89,1011 90,1012 90,1019 91,1020 91,1025 92,1026 92,1029 95,1032 95,1033 100,1038 100,1039 105,1044 139,1044 140,1043 181,1043 182,1042 223,1042 224,1041 265,1041 266,1040 307,1040 308,1039 349,1039 350,1038 392,1038 393,1037 434,1037 435,1036 476,1036 477,1035 518,1036 519,1035 560,1035 561,1034 602,1034 603,1033 644,1033 645,1032 687,1032 688,1031 729,1031 730,1030 771,1030 772,1029 813,1029 814,1028 855,1028 856,1027 897,1027 898,1026 919,1026 919,627 918,626 916,626 915,625 904,625 903,624 888,624 887,623 871,623 870,622 855,622 854,621 839,621 838,620 822,620 821,619 806,619 805,618 789,618 788,617 773,617 772,616 757,616 756,615 740,615 739,614 724,614 723,613 707,613 706,612 691,612 690,611 675,611 674,610 658,610 657,609 642,609 641,608 625,608 624,607 609,607 608,606 593,606 592,605 576,605 575,604 560,604 559,603 543,603 542,602 527,602 526,601 510,601 509,600 494,600 493,599 478,598 477,597 461,597 460,596 445,596 444,595 428,595 427,594 412,594 411,593 396,593 395,592 379,592 378,591 363,591 362,590 346,590 345,589 330,589 329,588 314,588 313,587 297,587 296,586 281,586 280,585"/>
            <pc:TextLine id="OCR-D-BIN-DENOISE-DESKEW_0001_region0002_line0001">
                <pc:AlternativeImage filename="OCR-D-SEG-LINE-RESEG-DEWARP/OCR-D-SEG-LINE-RESEG-DEWARP_0001_OCR-D-BIN-DENOISE-DESKEW_0001_region0002_OCR-D-BIN-DENOISE-DESKEW_0001_region0002_line0001.IMG-DEWARP.png" comments="binarized,despeckled,dewarped"/>
                <pc:Coords points="118,585 117,586 114,586 113,587 107,587 106,586 98,586 92,592 92,593 90,595 90,602 91,603 91,611 92,612 92,619 93,620 93,623 96,626 97,626 102,631 106,631 107,632 117,632 118,631 130,631 131,630 138,630 139,631 139,635 140,636 140,637 142,639 143,639 144,640 157,640 158,639 159,639 162,636 162,635 163,634 163,633 164,632 164,630 166,628 168,628 169,627 176,627 177,626 190,626 191,625 207,625 208,624 216,624 217,623 219,623 220,622 222,622 223,621 235,621 236,620 244,620 245,619 252,619 253,618 258,618 259,617 268,617 269,616 270,616 272,614 272,613 273,612 273,587 272,586 272,585"/>
                <pc:Baseline points="93,621 273,609"/>
                <pc:TextEquiv conf="0.978924453258514">
                    <pc:Unicode>reyne.</pc:Unicode>
                </pc:TextEquiv>
            </pc:TextLine>
            <pc:TextLine id="OCR-D-BIN-DENOISE-DESKEW_0001_region0002_line0002">
                <pc:AlternativeImage filename="OCR-D-SEG-LINE-RESEG-DEWARP/OCR-D-SEG-LINE-RESEG-DEWARP_0001_OCR-D-BIN-DENOISE-DESKEW_0001_region0002_OCR-D-BIN-DENOISE-DESKEW_0001_region0002_line0002.IMG-DEWARP.png" comments="binarized,despeckled,dewarped"/>
                <pc:Coords points="519,619 518,620 517,620 510,627 500,627 499,628 488,627 487,628 474,628 473,629 455,629 454,630 438,630 437,629 419,629 418,628 418,626 417,625 417,624 415,622 414,622 413,621 411,621 410,620 401,620 400,621 398,621 397,622 396,622 393,625 391,625 390,624 388,624 387,623 385,623 384,622 380,622 379,621 372,621 371,620 292,620 291,619 253,619 252,620 245,620 244,621 236,621 235,622 223,622 222,623 220,623 219,624 217,624 216,625 208,625 207,626 207,639 206,640 166,640 165,641 156,641 155,642 154,642 152,644 152,645 151,646 151,670 152,671 152,672 154,674 155,674 156,675 166,675 167,674 177,674 178,675 181,675 182,676 199,676 200,677 212,677 213,678 226,678 227,679 228,679 229,680 231,680 232,681 245,681 246,680 249,680 250,679 251,679 253,677 256,677 257,676 266,676 267,675 271,675 272,674 278,674 279,675 281,675 282,676 289,676 290,675 299,675 300,674 310,674 311,675 315,675 316,676 324,676 325,677 330,677 331,678 332,678 333,679 335,679 336,680 342,680 343,679 344,679 345,678 346,678 347,677 392,677 394,679 394,680 395,681 397,681 398,682 408,682 409,681 413,681 415,679 416,679 418,677 446,677 447,676 469,676 470,675 499,676 500,675 520,675 521,674 556,674 557,675 623,675 624,674 653,674 654,675 663,675 664,674 671,674 672,673 673,673 674,672 688,672 696,680 703,680 704,679 706,679 707,678 709,678 712,675 742,675 743,676 757,676 758,677 758,678 759,679 761,679 762,680 766,680 767,681 768,680 778,680 779,679 782,679 783,678 784,678 786,676 788,676 789,675 825,675 826,674 838,674 839,673 840,674 842,674 843,675 851,675 852,676 857,676 858,677 859,677 860,676 862,676 863,677 865,677 866,676 871,676 872,675 874,675 875,674 876,674 878,672 886,672 887,673 888,673 889,674 897,674 898,673 899,673 901,671 906,671 907,670 918,670 919,669 919,627 918,626 913,626 912,625 901,625 900,626 874,626 873,625 872,625 871,624 862,624 861,625 860,625 859,626 858,625 848,625 847,626 825,626 824,627 806,627 805,628 763,628 762,629 724,629 723,628 712,628 711,627 711,624 710,623 710,622 708,620 707,620 706,619 690,619 689,620 688,620 684,624 684,625 683,626 683,627 682,628 655,628 654,629 637,629 636,628 636,625 635,624 635,623 632,620 631,620 630,619 620,619 619,620 618,620 616,622 616,623 614,625 614,626 613,627 613,628 612,629 604,629 603,628 566,628 565,627 537,627 536,626 536,624 535,623 535,622 533,620 532,620 531,619"/>
                <pc:Baseline points="151,665 919,660"/>
                <pc:TextEquiv conf="0.986276507377625">
                    <pc:Unicode>AN ichs anders im hertzen ge⸗</pc:Unicode>
                </pc:TextEquiv>
            </pc:TextLine>
            <pc:TextLine id="OCR-D-BIN-DENOISE-DESKEW_0001_region0002_line0003">
                <pc:AlternativeImage filename="OCR-D-SEG-LINE-RESEG-DEWARP/OCR-D-SEG-LINE-RESEG-DEWARP_0001_OCR-D-BIN-DENOISE-DESKEW_0001_region0002_OCR-D-BIN-DENOISE-DESKEW_0001_region0002_line0003.IMG-DEWARP.png" comments="binarized,despeckled,dewarped"/>
                <pc:Coords points="674,673 673,674 672,674 671,675 669,675 669,676 667,678 651,678 650,679 625,679 624,680 571,680 570,679 560,679 559,680 517,680 516,681 477,680 476,681 448,681 447,682 409,682 408,683 398,683 397,682 371,682 369,680 368,680 367,679 358,679 357,680 356,680 354,682 344,682 343,681 336,681 335,680 333,680 332,679 331,679 330,678 325,678 324,677 316,677 315,676 311,676 310,675 300,675 299,676 290,676 289,677 282,677 281,676 279,676 278,675 272,675 271,676 267,676 266,677 257,677 256,678 253,678 251,680 250,680 249,681 246,681 245,682 232,682 231,681 229,681 228,680 223,680 222,681 215,681 214,680 206,680 205,681 204,681 203,682 184,682 183,681 183,680 182,679 182,678 180,676 178,676 177,675 167,675 166,676 164,676 161,679 161,680 160,681 160,682 158,684 148,684 147,685 136,685 135,686 102,686 95,693 94,693 92,695 92,696 91,697 91,703 90,704 90,715 89,716 89,721 97,729 100,729 101,730 110,730 111,729 122,729 123,728 131,728 132,729 135,729 136,730 140,730 141,729 159,729 160,728 175,728 176,727 189,727 190,726 196,726 197,725 199,725 200,724 210,724 211,723 222,723 224,725 225,725 227,727 228,727 229,728 230,728 231,729 233,729 234,728 264,728 265,727 266,727 267,726 279,726 280,727 281,727 282,728 291,728 292,727 293,727 294,726 299,726 300,725 306,725 307,726 309,726 310,727 311,727 312,728 316,728 317,727 329,727 330,726 334,726 335,725 344,725 345,724 352,724 353,723 367,723 368,724 377,724 378,723 390,723 391,722 395,722 396,721 403,721 404,722 411,722 412,721 413,722 416,722 417,723 418,723 419,724 427,724 428,725 438,725 439,724 461,724 462,723 472,723 473,724 479,724 480,725 488,725 489,725 517,725 518,726 519,726 520,727 530,727 531,726 532,726 533,725 549,725 550,724 551,724 552,723 566,723 567,724 568,724 569,725 575,725 576,724 580,724 581,725 585,725 586,724 588,724 589,725 590,725 593,728 595,728 596,729 597,729 599,731 604,731 605,730 606,730 607,729 608,729 609,728 611,728 611,727 612,726 615,726 616,727 616,728 618,728 619,729 623,729 624,730 636,730 637,729 639,729 640,728 641,728 643,726 646,726 647,725 648,725 649,724 652,724 653,723 655,723 656,722 669,722 670,723 675,723 676,724 679,724 680,725 684,725 685,724 686,724 688,722 691,722 692,721 697,721 698,722 708,722 709,723 711,723 712,724 713,724 714,725 718,725 719,726 738,726 739,725 759,725 760,724 771,724 772,723 801,723 802,722 808,722 809,723 811,723 812,722 814,722 815,721 819,721 820,720 823,720 824,719 838,719 839,720 846,720 847,721 858,721 859,722 868,722 869,721 872,721 873,720 877,720 878,721 886,721 887,720 891,720 892,721 895,721 896,722 897,722 898,723 902,723 903,722 919,722 919,677 908,677 907,676 888,676 887,675 886,675 885,674 877,674 876,675 875,675 874,676 872,676 871,677 866,677 865,678 863,678 862,677 860,677 859,678 858,678 857,677 852,677 851,676 843,676 842,675 840,675 839,674 838,675 837,675 835,677 834,677 833,678 822,678 821,679 802,679 801,680 779,680 778,681 768,681 767,682 766,681 762,681 761,680 744,680 743,681 739,681 738,680 710,680 709,679 707,679 706,680 704,680 703,681 696,681 688,673"/>
                <pc:Baseline points="89,718 919,711"/>
                <pc:TextEquiv conf="0.952724933624268">
                    <pc:Unicode>meint / Als merne wort ytzt Iauten. So</pc:Unicode>
                </pc:TextEquiv>
            </pc:TextLine>
            <pc:TextLine id="OCR-D-BIN-DENOISE-DESKEW_0001_region0002_line0004">
                <pc:AlternativeImage filename="OCR-D-SEG-LINE-RESEG-DEWARP/OCR-D-SEG-LINE-RESEG-DEWARP_0001_OCR-D-BIN-DENOISE-DESKEW_0001_region0002_OCR-D-BIN-DENOISE-DESKEW_0001_region0002_line0004.IMG-DEWARP.png" comments="binarized,despeckled,dewarped"/>
                <pc:Coords points="824,720 823,721 820,721 819,722 815,722 814,723 812,723 811,724 809,724 808,723 802,723 801,724 772,724 771,725 768,725 767,726 760,726 759,727 752,727 751,728 745,728 744,729 737,729 736,730 729,730 728,731 718,731 717,732 716,732 715,731 715,726 714,726 713,725 712,725 711,724 709,724 708,723 698,723 697,722 692,722 691,723 688,723 686,725 685,725 684,726 682,726 680,728 680,729 679,730 678,729 678,726 677,725 676,725 675,724 670,724 669,723 656,723 655,724 653,724 652,725 649,725 648,726 647,726 646,727 645,727 642,730 637,730 636,731 624,731 623,730 619,730 618,729 609,729 608,730 607,730 606,731 605,731 604,732 599,732 597,730 596,730 595,729 593,729 590,726 589,726 588,725 586,725 585,726 583,726 581,728 572,728 570,726 569,726 568,725 567,725 566,724 552,724 551,725 550,725 549,726 547,726 545,728 544,728 543,729 530,729 529,730 499,730 498,729 477,728 476,727 476,726 475,725 473,725 472,724 462,724 461,725 459,725 457,727 456,727 455,728 451,728 450,727 442,727 441,726 428,726 427,725 419,725 418,724 417,724 416,723 413,723 412,722 411,723 404,723 403,722 396,722 395,723 391,723 390,724 378,724 377,725 368,725 367,724 353,724 352,725 345,725 344,726 335,726 334,727 330,727 329,728 327,728 324,731 313,731 312,730 312,729 311,728 310,728 309,727 307,727 306,726 300,726 299,727 294,727 293,728 292,728 291,729 290,729 288,731 284,731 283,730 283,729 282,729 281,728 280,728 279,727 267,727 266,728 265,728 264,729 263,729 263,731 262,732 232,732 231,731 231,730 230,729 229,729 228,728 227,728 225,726 224,726 222,724 211,724 210,725 200,725 199,726 197,726 196,727 190,727 189,728 185,728 181,732 180,732 179,733 175,733 174,734 158,734 157,733 147,733 146,732 139,732 138,731 136,731 135,730 132,730 131,729 123,729 122,730 111,730 110,731 107,731 106,732 98,732 89,741 89,749 88,750 88,774 97,783 97,784 98,784 99,785 101,785 102,786 108,786 109,785 110,785 111,784 113,784 114,783 115,783 116,782 117,782 118,781 119,781 120,782 121,782 122,783 133,783 134,782 154,782 155,781 167,781 168,782 177,782 179,784 179,785 180,786 182,786 183,787 186,787 187,788 194,788 195,787 209,787 210,786 211,786 212,785 213,785 215,783 215,782 216,781 219,781 220,780 224,780 225,779 228,779 229,778 232,778 233,777 235,777 236,778 238,778 239,777 242,777 243,776 244,776 245,775 260,775 261,776 267,776 268,775 284,775 285,776 292,776 294,778 294,779 296,779 297,780 299,780 300,781 301,781 302,782 310,782 311,781 313,781 318,776 340,776 342,778 342,779 348,779 349,778 351,778 352,777 355,777 356,776 361,776 362,775 368,775 370,773 371,773 373,771 380,771 381,772 386,772 387,773 391,773 392,774 393,774 394,775 437,775 438,776 446,776 447,775 477,775 478,774 487,774 488,775 490,776 491,775 493,775 494,774 496,774 497,773 509,773 510,774 511,774 512,775 533,775 534,776 548,776 549,777 549,778 550,779 551,779 552,780 553,780 554,781 565,781 566,780 568,780 569,779 570,779 571,778 572,778 574,776 583,776 584,775 600,775 601,774 607,774 608,773 623,773 624,772 632,772 633,771 637,771 638,772 642,772 643,773 643,774 645,776 646,776 647,777 649,777 650,778 651,777 654,777 656,775 657,775 658,774 659,774 660,773 663,773 664,774 671,774 672,775 677,775 682,780 683,780 684,781 686,781 687,782 691,782 692,781 695,781 696,780 697,780 698,779 700,779 700,777 701,776 715,776 716,777 716,779 717,780 718,780 719,781 720,781 721,782 724,782 725,783 732,783 733,782 735,782 736,781 737,781 738,780 739,780 740,779 740,777 742,775 761,775 762,774 763,774 764,773 774,773 775,772 780,772 781,771 792,771 793,772 794,772 795,773 798,773 799,774 856,774 857,775 868,775 869,774 871,774 873,772 874,772 875,771 885,771 886,772 887,772 888,773 889,773 890,774 892,774 893,773 919,773 919,726 918,725 905,725 904,724 898,724 897,723 896,723 895,722 892,722 891,721 887,721 886,722 878,722 877,721 873,721 872,722 869,722 868,723 859,723 858,722 847,722 846,721 839,721 838,720"/>
                <pc:Baseline points="88,772 241,765 919,763"/>
                <pc:TextEquiv conf="0.947363495826721">
                    <pc:Unicode>ſtraff mich Err durch dieſe feynd / Mit</pc:Unicode>
                </pc:TextEquiv>
            </pc:TextLine>
            <pc:TextLine id="OCR-D-BIN-DENOISE-DESKEW_0001_region0002_line0005">
                <pc:AlternativeImage filename="OCR-D-SEG-LINE-RESEG-DEWARP/OCR-D-SEG-LINE-RESEG-DEWARP_0001_OCR-D-BIN-DENOISE-DESKEW_0001_region0002_OCR-D-BIN-DENOISE-DESKEW_0001_region0002_line0005.IMG-DEWARP.png" comments="binarized,despeckled,dewarped"/>
                <pc:Coords points="633,772 632,773 624,773 623,774 608,774 607,775 601,775 600,776 588,776 587,777 584,777 583,778 579,778 578,779 571,779 570,780 569,780 568,781 566,781 565,782 554,782 553,781 552,781 551,780 539,780 538,779 515,779 514,778 514,777 513,776 512,776 511,775 510,775 509,774 497,774 496,775 494,775 493,776 491,776 488,778 470,778 469,779 452,779 451,780 430,780 429,781 396,781 395,780 395,776 394,776 393,775 392,775 391,774 387,774 386,773 381,773 380,772 373,772 371,774 370,774 368,776 362,776 361,777 356,777 355,778 352,778 351,779 349,779 348,780 342,780 341,781 314,781 313,782 311,782 310,783 302,783 301,782 300,782 299,781 297,781 296,780 293,780 292,779 288,779 287,778 287,777 285,777 284,776 268,776 267,777 265,777 264,778 263,777 261,777 260,776 245,776 244,777 243,777 242,778 239,778 238,779 237,779 236,780 233,780 232,781 228,781 227,782 224,782 223,783 218,783 217,784 215,784 213,786 212,786 211,787 210,787 209,788 195,788 194,789 187,789 186,788 183,788 182,787 162,787 161,786 150,786 149,785 134,785 133,784 122,784 121,783 120,783 119,782 118,782 117,783 116,783 115,784 114,784 113,785 111,785 110,786 109,786 108,787 102,787 101,786 99,786 98,785 97,785 89,793 89,824 97,832 101,832 102,831 104,831 105,830 113,830 114,831 117,831 118,832 120,832 121,833 123,833 124,834 125,834 126,833 170,833 171,832 220,832 221,831 230,831 231,832 231,836 232,836 233,837 234,837 235,838 239,838 240,839 241,838 245,838 246,837 249,837 250,836 251,836 252,835 253,835 253,834 254,833 254,832 256,830 271,830 272,829 276,833 286,833 287,832 288,832 289,831 290,831 293,828 304,828 305,827 306,827 307,826 317,826 318,827 319,827 320,828 338,828 339,829 339,831 340,832 341,832 342,833 343,833 344,834 358,834 359,835 367,835 368,834 370,834 371,833 372,833 373,832 374,832 375,831 375,830 378,827 379,827 380,826 381,826 382,825 393,825 394,826 395,826 396,825 407,825 408,826 418,826 419,825 420,825 421,824 428,824 429,823 430,823 431,822 437,822 438,821 455,821 456,822 458,822 459,823 463,823 464,824 472,824 473,823 488,823 489,823 491,823 492,822 496,822 497,821 503,821 504,822 505,822 506,823 511,823 512,824 518,824 519,823 563,823 564,822 570,822 571,823 579,823 580,824 584,824 585,825 587,825 588,824 606,824 607,825 617,825 618,826 675,826 676,825 697,825 698,824 701,824 702,823 704,823 705,822 717,822 718,823 731,823 732,824 739,824 740,825 762,825 763,826 763,827 764,828 764,829 766,829 767,830 771,830 772,831 780,831 781,830 782,830 783,829 784,829 785,828 785,826 786,825 797,825 798,824 799,824 800,823 813,823 814,824 815,824 816,825 820,825 821,824 845,824 846,823 870,823 871,824 881,824 882,823 910,823 911,822 919,822 919,778 892,778 891,777 891,776 889,774 888,774 887,773 886,773 885,772 875,772 874,773 873,773 871,775 870,775 870,776 867,779 837,779 836,778 818,778 817,777 810,777 808,775 799,775 798,774 795,774 794,773 793,773 792,772 781,772 780,773 775,773 774,774 764,774 763,775 762,775 761,776 759,776 758,777 758,778 757,779 755,779 754,780 740,780 739,781 738,781 737,782 736,782 735,783 733,783 732,784 725,784 724,783 721,783 720,782 719,782 718,781 712,781 711,780 698,780 697,781 696,781 695,782 692,782 691,783 687,783 686,782 684,782 683,781 682,781 677,776 672,776 671,775 664,775 663,774 660,774 659,775 658,775 657,776 656,776 654,778 651,778 650,779 649,778 647,778 646,777 645,777 642,774 642,773 638,773 637,772"/>
                <pc:Baseline points="89,821 919,812"/>
                <pc:TextEquiv conf="0.977371096611023">
                    <pc:Unicode>deimer ſcharffen ruthen / Du weiſt mein</pc:Unicode>
                </pc:TextEquiv>
            </pc:TextLine>
            <pc:TextLine id="OCR-D-BIN-DENOISE-DESKEW_0001_region0002_line0006">
                <pc:AlternativeImage filename="OCR-D-SEG-LINE-RESEG-DEWARP/OCR-D-SEG-LINE-RESEG-DEWARP_0001_OCR-D-BIN-DENOISE-DESKEW_0001_region0002_OCR-D-BIN-DENOISE-DESKEW_0001_region0002_line0006.IMG-DEWARP.png" comments="binarized,despeckled,dewarped"/>
                <pc:Coords points="497,822 496,823 492,823 491,824 489,824 488,824 486,824 484,826 476,826 475,827 466,827 465,828 463,828 462,827 462,826 461,825 461,824 459,824 458,823 456,823 455,822 438,822 437,823 431,823 430,824 429,824 428,825 426,825 426,826 421,831 410,831 409,832 398,832 397,831 397,830 396,829 396,828 395,827 394,827 393,826 382,826 381,827 380,827 379,828 378,828 376,830 376,831 374,833 373,833 372,834 371,834 370,835 368,835 367,836 359,836 358,835 344,835 343,834 342,834 341,833 340,833 339,832 323,832 321,830 321,829 320,829 319,828 318,828 317,827 307,827 306,828 305,828 304,829 302,829 301,830 300,830 298,832 289,832 288,833 287,833 286,834 270,834 269,835 257,835 256,836 252,836 251,837 250,837 249,838 246,838 245,839 241,839 240,840 239,839 235,839 234,838 233,838 232,837 140,837 139,836 129,836 128,835 124,835 123,834 121,834 120,833 118,833 117,832 114,832 113,831 105,831 104,832 102,832 101,833 99,833 89,843 89,859 88,860 88,874 96,882 103,882 104,883 105,883 106,884 107,884 108,885 115,885 116,886 119,886 120,885 123,885 124,884 126,884 128,882 136,882 137,881 147,881 148,882 171,882 172,883 173,883 174,884 174,885 176,885 177,886 183,886 184,887 185,886 191,886 192,885 194,885 200,879 201,879 202,878 215,878 216,879 219,879 220,878 224,878 225,879 226,879 227,880 268,880 269,879 275,879 276,878 288,878 289,877 291,877 292,876 308,876 309,877 333,877 334,878 388,878 389,877 413,877 414,876 417,876 418,877 418,879 419,880 419,881 422,881 423,882 431,882 432,881 435,881 437,879 438,879 440,877 440,876 441,875 443,875 444,874 446,874 447,873 469,873 470,874 471,874 472,875 480,875 481,874 491,875 492,876 526,876 527,877 528,877 529,878 538,878 539,877 540,877 541,876 560,876 561,875 565,875 566,874 568,874 569,873 572,873 573,872 582,872 583,873 592,873 593,874 594,874 595,875 599,875 600,876 607,876 608,875 609,875 610,874 613,874 614,873 621,873 627,867 636,867 637,868 637,869 642,874 642,875 690,875 691,876 698,876 699,875 700,875 701,874 711,874 712,875 714,875 716,877 724,877 728,873 730,873 731,872 742,872 743,873 744,873 745,874 748,874 749,875 762,875 763,876 771,876 772,875 773,875 774,874 795,874 797,876 798,876 799,877 807,877 808,876 809,876 811,874 819,874 820,875 835,875 837,877 837,878 838,879 840,879 841,880 843,880 844,881 847,881 848,882 855,882 856,881 863,881 864,880 869,880 870,879 871,879 872,878 873,878 874,877 874,874 875,873 878,873 879,872 885,872 886,873 894,873 895,872 897,872 898,871 902,871 903,870 905,870 906,869 919,869 919,828 911,828 910,827 900,827 899,828 835,828 834,829 818,829 817,828 817,826 816,826 815,825 814,825 813,824 800,824 799,825 798,825 797,826 796,826 796,827 795,828 795,829 794,830 783,830 782,831 781,831 780,832 772,832 771,831 767,831 766,830 763,830 762,829 753,829 752,828 746,828 745,827 735,827 734,826 734,825 732,825 731,824 718,824 717,823 705,823 704,824 702,824 701,825 699,825 698,826 697,826 696,827 686,827 685,828 680,828 679,829 673,829 672,830 662,830 661,831 645,831 644,830 636,830 635,829 631,829 630,828 626,828 625,827 618,827 617,826 607,826 606,825 588,825 587,826 585,826 584,825 580,825 579,824 571,824 570,823 564,823 563,824 533,824 532,825 523,825 522,826 519,826 518,825 512,825 511,824 506,824 505,823 504,823 503,822"/>
                <pc:Baseline points="88,871 919,860"/>
                <pc:TextEquiv conf="0.975551605224609">
                    <pc:Unicode>hertʒ was darin ſteckt / Dazu all mein ge⸗</pc:Unicode>
                </pc:TextEquiv>
            </pc:TextLine>
            <pc:TextLine id="OCR-D-BIN-DENOISE-DESKEW_0001_region0002_line0007">
                <pc:AlternativeImage filename="OCR-D-SEG-LINE-RESEG-DEWARP/OCR-D-SEG-LINE-RESEG-DEWARP_0001_OCR-D-BIN-DENOISE-DESKEW_0001_region0002_OCR-D-BIN-DENOISE-DESKEW_0001_region0002_line0007.IMG-DEWARP.png" comments="binarized,despeckled,dewarped"/>
                <pc:Coords points="627,868 621,874 614,874 613,875 610,875 609,876 608,876 607,877 606,877 605,878 598,878 597,877 597,876 595,876 594,875 593,875 592,874 583,874 582,873 573,873 572,874 569,874 568,875 566,875 565,876 563,876 560,879 553,879 552,880 542,880 541,881 527,881 526,880 514,880 513,879 502,879 501,878 495,878 494,877 492,877 491,876 481,875 480,876 478,876 477,877 475,877 474,876 472,876 471,875 470,875 469,874 447,874 446,875 444,875 443,876 441,876 441,877 438,880 437,880 435,882 432,882 431,883 423,883 422,882 407,882 406,883 383,883 382,884 377,884 376,883 365,883 364,882 359,882 358,881 353,881 352,880 349,880 348,879 334,879 333,878 309,878 308,877 292,877 291,878 289,878 288,879 276,879 275,880 269,880 268,881 265,881 264,882 263,882 262,883 260,883 259,884 231,884 229,882 229,881 227,881 226,880 225,880 224,879 220,879 219,880 216,880 215,879 202,879 201,880 200,880 194,886 192,886 191,887 185,887 184,888 183,887 177,887 176,886 167,886 166,887 150,887 149,886 137,886 136,885 124,885 123,886 120,886 119,887 116,887 115,886 108,886 107,885 106,885 105,884 104,884 103,883 101,883 100,884 97,884 88,893 88,923 96,931 112,931 113,930 120,930 121,929 130,929 131,930 132,930 133,931 135,931 136,932 139,932 140,933 141,932 143,932 144,933 152,933 153,932 154,932 155,931 173,931 174,930 180,930 181,929 190,929 191,928 198,928 199,927 203,927 204,928 212,928 213,929 224,929 225,928 247,928 248,927 258,927 259,928 263,928 264,927 269,927 270,928 273,928 274,927 296,927 297,928 300,928 301,927 311,927 312,928 319,928 320,929 327,929 328,930 333,930 334,929 335,929 336,928 346,928 347,929 372,929 373,928 374,928 375,927 376,927 377,926 392,926 393,927 394,927 395,928 432,928 433,929 433,930 434,930 435,931 436,931 437,932 448,932 449,931 451,931 452,930 453,930 455,928 469,928 470,927 475,927 476,926 477,926 478,925 484,925 485,924 493,925 494,926 495,926 496,927 506,927 507,928 516,928 517,927 555,927 557,929 557,930 559,930 560,931 561,931 562,932 571,932 572,931 574,931 575,930 577,930 577,929 579,927 584,927 585,926 586,926 588,924 593,924 594,923 604,923 605,924 607,924 610,927 610,928 612,930 612,931 616,931 617,932 620,932 621,931 627,931 628,930 630,930 631,929 631,928 632,927 633,927 634,926 653,926 654,925 655,925 656,924 667,924 668,925 669,925 670,926 674,926 675,925 681,925 682,926 687,926 688,925 690,925 691,924 693,924 694,923 697,923 698,922 703,922 704,923 705,922 715,922 716,923 719,923 720,924 721,924 722,925 731,925 732,926 739,926 740,927 747,927 748,926 749,927 750,926 752,926 753,925 758,925 759,926 764,926 765,927 767,927 768,926 769,926 771,924 772,924 773,923 778,923 779,922 785,922 786,923 787,923 788,924 789,924 790,925 791,925 792,926 795,926 796,925 802,925 803,926 811,926 812,925 858,925 859,924 919,924 919,878 885,878 884,879 872,879 871,880 870,880 869,881 864,881 863,882 856,882 855,883 848,883 847,882 844,882 843,881 841,881 840,880 822,880 821,881 791,881 790,880 749,880 748,879 748,878 747,877 747,876 746,875 745,875 744,874 743,874 742,873 731,873 730,874 728,874 724,878 724,879 723,880 717,880 715,878 715,877 714,876 712,876 711,875 701,875 700,876 699,876 698,877 697,877 696,878 696,879 693,882 665,882 664,881 653,881 652,880 641,880 640,879 640,878 642,876 641,875 641,874 636,869 636,868"/>
                <pc:Baseline points="88,921 919,913"/>
                <pc:TextEquiv conf="0.983126640319824">
                    <pc:Unicode>dancken / Du weiſt das ſichs nicht weiter</pc:Unicode>
                </pc:TextEquiv>
            </pc:TextLine>
            <pc:TextLine id="OCR-D-BIN-DENOISE-DESKEW_0001_region0002_line0008">
                <pc:AlternativeImage filename="OCR-D-SEG-LINE-RESEG-DEWARP/OCR-D-SEG-LINE-RESEG-DEWARP_0001_OCR-D-BIN-DENOISE-DESKEW_0001_region0002_OCR-D-BIN-DENOISE-DESKEW_0001_region0002_line0008.IMG-DEWARP.png" comments="binarized,despeckled,dewarped"/>
                <pc:Coords points="698,923 697,924 694,924 693,925 691,925 690,926 688,926 687,927 681,927 680,928 674,928 673,929 672,929 671,928 671,927 670,927 669,926 668,926 667,925 656,925 655,926 654,926 653,927 652,927 649,930 647,930 646,931 628,931 627,932 621,932 620,933 617,933 616,932 612,932 611,931 611,930 609,928 609,927 607,925 605,925 604,924 594,924 593,925 588,925 586,927 585,927 584,928 584,930 583,931 575,931 574,932 572,932 571,933 562,933 561,932 560,932 559,931 554,931 553,930 523,930 522,929 498,929 497,928 496,928 495,927 494,927 493,926 485,925 484,926 478,926 477,927 476,927 475,928 470,928 469,929 455,929 453,931 452,931 451,932 449,932 448,933 437,933 436,932 435,932 434,931 398,931 396,929 395,929 394,928 393,928 392,927 377,927 376,928 375,928 374,929 373,929 371,931 363,931 362,932 351,932 349,930 347,930 346,929 336,929 335,930 334,930 333,931 328,931 327,930 320,930 319,929 312,929 311,928 301,928 300,929 297,929 296,928 274,928 273,929 270,929 269,928 264,928 263,929 259,929 258,928 248,928 247,929 225,929 224,930 213,930 212,929 204,929 203,928 199,928 198,929 191,929 190,930 181,930 180,931 174,931 173,932 167,932 162,937 161,937 160,936 153,936 152,935 146,935 145,934 140,934 139,933 136,933 135,932 133,932 132,931 131,931 130,930 121,930 120,931 113,931 112,932 105,932 104,933 97,933 88,942 88,950 87,951 87,976 88,976 96,984 96,987 97,988 98,988 99,989 101,989 102,990 106,990 107,989 108,989 109,988 110,988 115,983 116,983 118,981 131,981 132,982 134,982 135,983 136,983 137,982 138,982 139,981 154,981 155,982 157,982 158,983 159,983 160,982 210,982 211,981 216,981 217,980 219,980 220,979 227,979 228,980 234,980 235,979 237,979 238,978 244,978 245,979 248,979 249,978 267,978 268,977 286,977 287,976 293,976 294,977 295,977 296,976 304,976 305,975 313,975 314,976 332,976 333,977 356,977 357,978 366,978 367,977 379,977 380,978 385,978 386,977 389,977 390,976 394,976 395,977 399,977 400,976 429,976 430,975 431,975 432,974 440,974 441,975 443,975 445,977 445,978 448,981 462,981 463,980 467,980 468,979 469,979 472,976 493,977 494,976 508,976 509,977 516,977 517,976 519,976 520,975 531,975 532,974 575,974 576,973 582,973 583,974 597,974 598,975 631,975 632,976 633,976 634,977 644,977 645,976 677,976 678,977 680,977 681,978 681,979 682,980 683,980 684,981 685,981 686,982 696,982 697,981 698,981 699,980 701,980 702,979 702,978 703,977 704,977 705,976 706,976 707,975 709,975 710,974 717,974 718,975 720,975 721,976 722,976 723,977 733,977 734,978 734,979 735,980 737,980 738,981 750,981 751,980 753,980 754,979 756,979 758,977 766,977 767,976 770,976 772,978 773,978 774,979 789,979 790,978 791,978 794,975 808,975 809,974 839,974 840,973 852,973 853,972 856,972 857,971 860,971 861,970 878,970 879,971 880,971 881,972 887,972 888,971 890,971 891,972 900,972 901,971 919,971 919,928 915,928 914,927 903,927 902,928 856,928 855,929 845,929 844,928 843,928 842,927 832,927 831,928 830,928 829,929 818,929 817,928 795,928 794,927 792,927 791,926 790,926 789,925 788,925 787,924 786,924 785,923 779,923 778,924 773,924 772,925 771,925 769,927 768,927 767,928 765,928 764,927 750,927 749,928 748,927 747,928 740,928 739,927 732,927 731,926 722,926 721,925 720,925 719,924 716,924 715,923 705,923 704,924 703,923"/>
                <pc:Baseline points="87,974 919,961"/>
                <pc:TextEquiv conf="0.976790189743042">
                    <pc:Unicode>ſtreck /Nein hertz drumb nie ſich hat er⸗</pc:Unicode>
                </pc:TextEquiv>
            </pc:TextLine>
            <pc:TextLine id="OCR-D-BIN-DENOISE-DESKEW_0001_region0002_line0009">
                <pc:AlternativeImage filename="OCR-D-SEG-LINE-RESEG-DEWARP/OCR-D-SEG-LINE-RESEG-DEWARP_0001_OCR-D-BIN-DENOISE-DESKEW_0001_region0002_OCR-D-BIN-DENOISE-DESKEW_0001_region0002_line0009.IMG-DEWARP.png" comments="binarized,despeckled,dewarped"/>
                <pc:Coords points="861,971 860,972 857,972 856,973 853,973 852,974 850,974 849,975 846,975 845,976 842,976 841,977 836,977 835,978 828,978 827,979 813,979 812,980 807,980 806,979 796,979 795,980 754,980 753,981 751,981 750,982 738,982 737,981 729,981 728,980 724,980 723,979 723,978 722,977 721,977 720,976 718,976 717,975 710,975 709,976 707,976 706,977 705,977 704,978 703,978 703,979 701,981 699,981 698,982 697,982 696,983 686,983 685,982 684,982 683,981 649,981 648,980 630,980 629,979 624,979 623,978 619,978 618,977 615,977 614,976 598,976 597,975 583,975 582,974 576,974 575,975 532,975 531,976 520,976 519,977 517,977 516,978 509,978 508,979 503,979 502,980 495,980 494,981 477,980 476,981 463,981 462,982 448,982 444,978 444,977 443,976 441,976 440,975 432,975 431,976 430,976 429,977 427,977 427,978 425,980 399,980 398,979 398,978 395,978 394,977 390,977 389,978 386,978 385,979 380,979 379,978 377,978 377,979 376,980 367,980 366,981 355,981 354,980 349,980 348,979 345,979 344,978 333,978 332,977 314,977 313,976 305,976 304,977 296,977 295,978 294,978 293,977 287,977 286,978 268,978 267,979 249,979 248,980 245,980 244,979 238,979 237,980 235,980 234,981 228,981 227,980 220,980 219,981 217,981 216,982 211,982 210,983 198,983 197,984 192,984 191,985 185,985 184,986 175,986 174,987 159,987 158,986 158,984 157,983 155,983 154,982 139,982 138,983 137,983 136,984 135,984 134,983 132,983 131,982 118,982 116,984 115,984 110,989 109,989 108,990 107,990 106,991 102,991 101,990 99,990 98,989 96,989 91,994 91,995 89,997 89,1006 90,1007 90,1016 91,1017 91,1022 92,1023 92,1029 96,1033 97,1033 102,1038 102,1039 103,1040 103,1042 105,1044 118,1044 119,1043 120,1043 122,1041 122,1040 124,1038 125,1038 126,1037 133,1037 134,1036 136,1036 137,1037 137,1038 138,1039 138,1040 140,1042 141,1042 142,1043 151,1043 152,1042 153,1042 154,1041 155,1041 158,1038 158,1037 159,1036 160,1036 161,1035 163,1035 164,1034 178,1034 179,1033 195,1033 196,1032 240,1032 241,1031 271,1031 272,1030 309,1030 310,1029 326,1029 327,1030 337,1030 338,1029 350,1029 351,1028 375,1028 376,1027 406,1027 407,1026 449,1026 450,1027 461,1027 462,1026 463,1026 464,1025 502,1026 503,1027 537,1027 538,1028 590,1028 591,1027 599,1027 600,1028 610,1028 611,1027 704,1027 705,1028 714,1028 715,1027 770,1027 771,1026 818,1026 819,1025 824,1025 825,1026 826,1026 827,1027 835,1027 836,1026 919,1026 919,991 909,991 908,990 908,975 907,974 907,973 906,972 901,972 900,973 891,973 890,972 888,972 887,973 881,973 880,972 879,972 878,971"/>
                <pc:Baseline points="92,1028 411,1016 919,1017"/>
                <pc:TextEquiv conf="0.992550194263458">
                    <pc:Unicode>ſchreckt Von deinem Wort mit wanckẽ.</pc:Unicode>
                </pc:TextEquiv>
            </pc:TextLine>
            <pc:TextEquiv>
                <pc:Unicode>reyne.
AN ichs anders im hertzen ge⸗
meint / Als merne wort ytzt Iauten. So
ſtraff mich Err durch dieſe feynd / Mit
deimer ſcharffen ruthen / Du weiſt mein
hertʒ was darin ſteckt / Dazu all mein ge⸗
dancken / Du weiſt das ſichs nicht weiter
ſtreck /Nein hertz drumb nie ſich hat er⸗
ſchreckt Von deinem Wort mit wanckẽ.</pc:Unicode>
            </pc:TextEquiv>
        </pc:TextRegion>
        <pc:TextRegion id="OCR-D-BIN-DENOISE-DESKEW_0001_region0003">
            <pc:Coords points="575,1070 574,1071 315,1070 314,1071 174,1071 173,1072 157,1072 156,1073 144,1073 143,1074 132,1074 131,1075 123,1075 122,1076 120,1076 116,1080 116,1082 115,1083 115,1086 114,1087 114,1089 113,1090 113,1093 112,1094 112,1097 111,1098 111,1100 110,1101 110,1104 109,1105 109,1107 108,1108 108,1111 107,1112 107,1115 106,1116 106,1118 105,1119 105,1122 104,1123 104,1125 103,1126 103,1129 102,1130 102,1133 101,1134 101,1138 100,1139 100,1144 99,1145 99,1150 98,1151 98,1158 97,1159 97,1168 96,1169 96,1177 95,1178 95,1187 94,1188 94,1197 93,1198 93,1209 92,1210 91,1371 92,1372 92,1473 93,1474 93,1475 97,1479 98,1479 101,1482 102,1482 103,1483 104,1483 105,1484 107,1484 108,1485 111,1485 112,1486 115,1486 116,1487 121,1487 122,1488 127,1488 128,1489 133,1489 134,1490 139,1490 140,1491 145,1491 146,1492 151,1492 152,1493 157,1493 158,1494 165,1494 166,1495 174,1495 175,1496 183,1496 184,1497 191,1497 192,1498 200,1498 201,1499 209,1499 210,1500 218,1500 219,1501 227,1501 228,1502 236,1502 237,1503 245,1503 246,1504 253,1504 254,1505 262,1505 263,1506 271,1506 272,1507 280,1507 281,1508 289,1508 290,1509 298,1509 299,1510 307,1510 308,1511 315,1511 316,1512 324,1512 325,1513 333,1513 334,1514 342,1514 343,1515 351,1515 352,1516 360,1516 361,1517 368,1517 369,1518 377,1518 378,1519 386,1519 387,1520 395,1520 396,1521 404,1521 405,1522 413,1522 414,1523 422,1523 423,1524 430,1524 431,1525 439,1525 440,1526 448,1526 449,1527 457,1527 458,1528 466,1528 467,1529 475,1529 476,1530 484,1530 485,1531 492,1532 493,1533 501,1533 502,1534 510,1534 511,1535 528,1535 529,1536 556,1536 557,1537 583,1537 584,1538 610,1538 611,1539 638,1539 639,1540 684,1540 685,1539 732,1539 733,1538 780,1538 781,1537 828,1537 829,1536 876,1536 877,1535 903,1535 904,1534 909,1534 910,1533 915,1533 916,1532 918,1532 919,1075 917,1075 916,1074 912,1074 911,1073 898,1073 897,1072 876,1072 875,1071 791,1071 790,1070"/>
            <pc:TextLine id="OCR-D-BIN-DENOISE-DESKEW_0001_region0003_line0001">
                <pc:AlternativeImage filename="OCR-D-SEG-LINE-RESEG-DEWARP/OCR-D-SEG-LINE-RESEG-DEWARP_0001_OCR-D-BIN-DENOISE-DESKEW_0001_region0003_OCR-D-BIN-DENOISE-DESKEW_0001_region0003_line0001.IMG-DEWARP.png" comments="binarized,despeckled,dewarped"/>
                <pc:Coords points="704,1071 703,1071 701,1073 701,1074 699,1076 699,1077 698,1078 697,1078 696,1077 693,1077 692,1076 691,1076 690,1075 688,1075 687,1074 685,1074 684,1073 681,1073 680,1072 665,1072 664,1071 641,1071 640,1072 623,1072 622,1073 619,1073 618,1074 616,1074 615,1075 614,1075 612,1077 611,1077 608,1080 604,1080 603,1081 599,1081 598,1080 598,1078 597,1077 597,1076 594,1073 593,1073 592,1072 579,1072 578,1073 577,1073 575,1075 574,1075 572,1077 572,1078 571,1079 571,1080 570,1081 559,1081 558,1080 546,1080 545,1079 533,1079 532,1078 525,1078 521,1074 520,1074 519,1073 511,1073 510,1074 508,1074 507,1075 506,1075 503,1078 491,1078 490,1077 490,1076 488,1073 487,1073 486,1072 485,1072 484,1071 472,1071 471,1072 470,1072 468,1074 467,1074 465,1076 465,1077 464,1078 463,1078 462,1079 459,1079 458,1078 458,1076 457,1075 457,1074 455,1072 454,1072 453,1071 444,1071 443,1072 442,1072 438,1076 438,1077 437,1078 437,1080 435,1082 428,1082 427,1081 427,1078 426,1077 426,1076 424,1074 423,1074 422,1073 420,1073 419,1072 408,1072 407,1073 405,1073 404,1074 403,1074 401,1076 401,1077 399,1079 399,1080 398,1081 397,1080 392,1080 391,1079 387,1079 386,1078 383,1078 382,1077 379,1077 378,1076 374,1076 373,1075 369,1075 368,1074 367,1074 366,1073 343,1073 342,1072 323,1072 322,1071 314,1071 184,1071 183,1072 173,1072 164,1072 163,1073 156,1073 150,1073 149,1074 143,1074 138,1074 137,1075 131,1075 125,1075 124,1076 122,1076 121,1076 120,1077 119,1077 117,1079 117,1080 116,1081 116,1082 116,1113 117,1114 117,1115 119,1117 120,1117 121,1118 156,1118 157,1119 157,1123 160,1126 161,1126 162,1127 164,1127 165,1128 167,1128 168,1129 169,1128 174,1128 175,1129 184,1129 185,1130 187,1130 188,1131 189,1131 190,1132 196,1132 197,1133 207,1133 208,1134 215,1134 216,1133 225,1133 226,1132 231,1132 232,1131 238,1131 239,1130 241,1130 242,1129 243,1129 244,1128 245,1128 246,1127 258,1127 263,1132 264,1132 265,1131 266,1131 267,1130 269,1130 270,1131 271,1131 272,1132 273,1132 276,1135 277,1135 278,1136 287,1136 288,1135 289,1135 290,1134 294,1134 296,1132 296,1131 297,1130 332,1130 333,1129 346,1129 348,1131 348,1132 349,1133 351,1133 352,1134 356,1134 357,1135 358,1134 361,1134 363,1132 364,1132 365,1131 366,1131 370,1127 377,1127 378,1128 379,1128 380,1129 420,1129 421,1128 476,1128 478,1130 479,1130 480,1131 488,1131 489,1131 490,1131 492,1129 493,1129 494,1128 518,1128 519,1127 537,1127 538,1128 548,1128 549,1127 561,1127 562,1128 571,1128 572,1127 578,1127 579,1128 598,1128 599,1127 656,1127 659,1130 660,1130 661,1131 669,1131 670,1130 673,1130 674,1129 675,1129 677,1127 679,1127 680,1126 682,1126 683,1125 687,1125 688,1124 698,1124 699,1123 705,1123 706,1124 707,1124 708,1123 711,1123 712,1122 738,1122 741,1119 742,1119 744,1117 745,1117 746,1116 751,1116 752,1117 755,1117 756,1118 757,1118 758,1119 759,1119 760,1118 762,1118 763,1117 768,1117 776,1125 782,1125 783,1126 784,1126 786,1128 787,1128 788,1129 791,1129 792,1130 793,1129 795,1129 796,1128 798,1128 803,1123 818,1123 819,1124 824,1124 825,1123 832,1123 833,1124 837,1124 838,1125 846,1125 847,1126 848,1126 851,1129 853,1129 854,1130 862,1130 863,1129 867,1129 868,1128 870,1128 872,1126 881,1126 882,1125 883,1125 884,1124 887,1124 888,1123 890,1123 891,1122 893,1122 894,1123 896,1123 897,1124 899,1124 901,1126 904,1126 905,1125 918,1125 919,1075 917,1075 912,1075 911,1074 910,1074 909,1073 898,1073 897,1074 896,1074 894,1076 881,1076 880,1077 871,1077 870,1076 870,1075 868,1073 867,1073 866,1072 865,1072 864,1071 849,1071 848,1072 847,1072 844,1075 844,1076 842,1078 826,1078 825,1077 821,1077 817,1073 816,1073 815,1072 797,1072 796,1073 792,1073 791,1074 790,1074 787,1077 756,1077 755,1078 722,1078 721,1077 721,1075 720,1074 720,1073 718,1071 717,1071 716,1070 705,1070"/>
                <pc:Baseline points="157,1122 919,1113"/>
                <pc:TextEquiv conf="0.96769106388092">
                    <pc:Unicode>RJD hab ieh doch allzeit eſucht /</pc:Unicode>
                </pc:TextEquiv>
            </pc:TextLine>
            <pc:TextLine id="OCR-D-BIN-DENOISE-DESKEW_0001_region0003_line0002">
                <pc:AlternativeImage filename="OCR-D-SEG-LINE-RESEG-DEWARP/OCR-D-SEG-LINE-RESEG-DEWARP_0001_OCR-D-BIN-DENOISE-DESKEW_0001_region0003_OCR-D-BIN-DENOISE-DESKEW_0001_region0003_line0002.IMG-DEWARP.png" comments="binarized,despeckled,dewarped"/>
                <pc:Coords points="745,1118 744,1118 742,1120 741,1120 738,1123 712,1123 711,1124 708,1124 707,1125 706,1125 705,1124 699,1124 698,1125 688,1125 687,1126 683,1126 682,1127 680,1127 679,1128 677,1128 675,1130 674,1130 673,1131 670,1131 669,1132 630,1132 629,1131 599,1131 597,1129 579,1129 578,1128 577,1128 576,1129 576,1130 575,1131 563,1131 562,1132 546,1132 545,1133 528,1133 527,1134 482,1133 481,1134 463,1134 462,1133 453,1133 452,1134 427,1134 426,1133 417,1133 416,1134 384,1134 383,1133 383,1132 382,1131 382,1130 380,1130 379,1129 378,1129 377,1128 370,1128 366,1132 365,1132 364,1133 363,1133 361,1135 358,1135 357,1136 356,1135 352,1135 351,1134 341,1134 340,1135 290,1135 289,1136 288,1136 287,1137 278,1137 277,1136 276,1136 273,1133 272,1133 271,1132 270,1132 269,1131 267,1131 266,1132 265,1132 264,1133 263,1133 258,1128 246,1128 245,1129 244,1129 243,1130 242,1130 241,1131 241,1133 240,1134 226,1134 225,1135 208,1135 207,1134 197,1134 196,1133 190,1133 189,1132 188,1132 187,1131 185,1131 184,1130 175,1130 174,1129 169,1129 168,1130 167,1129 165,1129 164,1128 162,1128 161,1127 160,1127 157,1124 131,1124 130,1125 112,1125 108,1129 107,1129 103,1133 103,1134 102,1135 101,1135 101,1138 101,1144 100,1145 100,1148 99,1149 99,1150 99,1153 98,1154 98,1158 98,1164 97,1165 97,1168 97,1175 104,1182 118,1182 119,1183 120,1183 121,1182 123,1182 124,1181 125,1181 126,1180 139,1180 140,1181 141,1181 142,1182 156,1182 157,1181 158,1181 159,1182 167,1182 168,1181 177,1181 178,1180 188,1180 189,1179 191,1179 192,1178 193,1178 194,1177 214,1177 215,1178 218,1178 219,1179 222,1179 223,1178 237,1178 238,1179 239,1179 240,1180 245,1180 246,1179 287,1179 288,1178 328,1178 329,1177 346,1177 347,1176 348,1176 349,1175 357,1175 358,1176 360,1176 361,1177 363,1177 364,1178 372,1178 373,1177 374,1177 375,1176 388,1176 390,1178 391,1178 392,1179 398,1179 399,1178 400,1178 401,1177 422,1177 423,1178 424,1178 425,1179 434,1179 435,1178 436,1178 437,1177 440,1177 441,1176 444,1176 445,1175 456,1175 457,1176 459,1176 460,1175 466,1175 467,1174 476,1174 477,1175 479,1175 480,1176 507,1177 508,1178 516,1178 517,1177 554,1177 555,1176 563,1176 564,1175 565,1175 566,1174 570,1174 571,1173 588,1173 589,1174 593,1174 594,1175 596,1175 597,1176 598,1176 599,1175 600,1175 601,1174 605,1174 606,1175 607,1175 608,1176 620,1176 621,1175 622,1175 623,1174 625,1174 627,1176 628,1176 629,1177 633,1177 634,1176 636,1176 637,1175 638,1175 639,1174 640,1174 641,1173 650,1173 651,1174 658,1174 659,1175 668,1175 669,1174 682,1174 683,1173 696,1173 697,1172 701,1172 702,1171 712,1171 713,1172 718,1172 719,1173 740,1173 741,1174 746,1174 747,1175 763,1175 764,1176 802,1176 803,1175 805,1175 806,1174 818,1174 819,1175 820,1175 821,1176 841,1176 842,1175 844,1175 845,1174 847,1174 848,1173 850,1173 851,1172 864,1172 865,1173 866,1173 867,1174 868,1174 869,1175 875,1175 876,1174 883,1174 884,1173 886,1173 887,1172 889,1172 890,1171 894,1171 895,1172 896,1172 897,1171 902,1171 903,1172 918,1172 918,1129 918,1129 917,1129 916,1128 905,1128 904,1129 903,1128 903,1127 901,1127 899,1125 897,1125 896,1124 894,1124 893,1123 891,1123 890,1124 888,1124 887,1125 884,1125 883,1126 882,1126 881,1127 879,1127 879,1128 877,1130 875,1130 874,1129 868,1129 867,1130 863,1130 862,1131 854,1131 853,1130 851,1130 848,1127 847,1127 846,1126 838,1126 837,1125 833,1125 832,1124 825,1124 824,1125 819,1125 818,1124 803,1124 798,1129 796,1129 795,1130 793,1130 792,1131 791,1130 788,1130 787,1129 786,1129 784,1127 783,1127 782,1126 781,1126 780,1127 777,1127 776,1128 775,1127 775,1125 768,1118 763,1118 762,1119 760,1119 759,1120 758,1120 757,1119 756,1119 755,1118 752,1118 751,1117 746,1117"/>
                <pc:Baseline points="97,1172 919,1162"/>
                <pc:TextEquiv conf="0.97388219833374">
                    <pc:Unicode>Mit alle mein vorwandten. Der Anti⸗</pc:Unicode>
                </pc:TextEquiv>
            </pc:TextLine>
            <pc:TextLine id="OCR-D-BIN-DENOISE-DESKEW_0001_region0003_line0003">
                <pc:AlternativeImage filename="OCR-D-SEG-LINE-RESEG-DEWARP/OCR-D-SEG-LINE-RESEG-DEWARP_0001_OCR-D-BIN-DENOISE-DESKEW_0001_region0003_OCR-D-BIN-DENOISE-DESKEW_0001_region0003_line0003.IMG-DEWARP.png" comments="binarized,despeckled,dewarped"/>
                <pc:Coords points="701,1173 697,1173 696,1174 683,1174 682,1175 675,1175 674,1176 672,1176 671,1177 668,1177 667,1178 662,1178 661,1179 657,1179 655,1177 655,1176 654,1175 651,1175 650,1174 641,1174 640,1175 639,1175 638,1176 637,1176 636,1177 634,1177 631,1180 620,1180 619,1181 599,1181 598,1180 598,1177 597,1177 596,1176 594,1176 593,1175 589,1175 588,1174 571,1174 570,1175 566,1175 565,1176 564,1176 563,1177 561,1177 556,1182 551,1182 550,1183 540,1183 539,1184 528,1184 527,1185 503,1185 502,1184 490,1184 489,1183 484,1182 483,1181 483,1179 482,1178 482,1177 480,1177 479,1176 477,1176 476,1175 467,1175 466,1176 460,1176 459,1177 457,1177 456,1176 445,1176 444,1177 441,1177 440,1178 438,1178 434,1182 433,1182 432,1183 409,1183 408,1182 394,1182 393,1181 393,1180 392,1180 391,1179 390,1179 388,1177 375,1177 374,1178 373,1178 369,1182 365,1182 364,1181 364,1180 363,1179 363,1178 361,1178 360,1177 358,1177 357,1176 349,1176 348,1177 347,1177 346,1178 345,1178 344,1179 344,1181 342,1183 337,1183 336,1184 291,1184 290,1183 281,1183 280,1184 268,1184 267,1183 259,1183 258,1182 252,1182 251,1181 240,1181 239,1180 238,1180 237,1179 223,1179 222,1180 219,1180 218,1179 215,1179 214,1178 194,1178 193,1179 192,1179 191,1180 189,1180 188,1181 181,1181 180,1182 177,1182 176,1183 173,1183 172,1184 167,1184 166,1185 155,1185 154,1186 144,1186 143,1185 143,1183 142,1183 141,1182 140,1182 139,1181 126,1181 125,1182 124,1182 123,1183 121,1183 118,1186 104,1186 94,1196 94,1197 94,1201 93,1202 93,1209 93,1216 92,1217 92,1223 96,1227 96,1228 100,1232 128,1232 131,1235 132,1235 133,1236 138,1236 139,1235 144,1235 145,1234 146,1234 147,1233 148,1233 149,1232 159,1232 160,1231 178,1231 180,1233 180,1234 181,1234 182,1235 183,1235 184,1236 188,1236 189,1237 190,1237 191,1236 193,1236 193,1235 196,1232 196,1231 199,1228 206,1228 207,1227 212,1227 213,1228 218,1228 219,1229 220,1229 221,1230 223,1230 224,1231 228,1231 229,1232 230,1232 231,1233 240,1233 241,1232 243,1232 244,1231 245,1231 246,1230 277,1230 278,1229 303,1229 304,1228 317,1228 318,1227 322,1227 323,1226 325,1226 326,1225 343,1225 344,1226 346,1226 347,1227 348,1227 350,1229 375,1229 377,1231 378,1231 379,1232 380,1232 381,1233 382,1233 383,1232 385,1232 386,1231 388,1231 390,1229 392,1229 393,1228 399,1228 400,1229 412,1229 413,1230 415,1230 416,1231 431,1231 432,1232 433,1232 434,1233 435,1233 436,1234 437,1234 438,1235 439,1235 440,1236 442,1236 443,1237 444,1237 445,1236 452,1236 453,1237 461,1237 462,1236 464,1236 465,1235 466,1235 469,1232 474,1232 475,1231 485,1231 486,1230 490,1231 491,1230 493,1230 494,1229 498,1229 499,1228 507,1228 508,1227 509,1227 510,1226 527,1226 528,1227 536,1227 537,1228 552,1228 557,1233 558,1233 559,1234 562,1234 563,1235 565,1235 566,1234 571,1234 572,1233 573,1233 574,1232 575,1232 576,1231 576,1229 577,1228 578,1229 587,1229 588,1228 600,1228 601,1227 602,1227 603,1226 615,1226 616,1225 619,1225 620,1224 634,1224 635,1225 642,1225 643,1226 644,1226 645,1227 648,1227 649,1228 650,1227 653,1227 654,1226 656,1226 659,1223 679,1223 680,1224 681,1224 682,1225 683,1225 684,1226 689,1226 690,1225 727,1225 728,1224 729,1224 730,1223 745,1223 746,1224 747,1224 748,1225 759,1225 760,1226 802,1226 804,1228 804,1229 806,1229 807,1230 811,1230 812,1231 816,1231 817,1230 822,1230 823,1229 825,1229 827,1227 832,1227 833,1228 833,1229 835,1229 836,1230 837,1230 838,1231 843,1231 844,1232 845,1232 846,1231 850,1231 851,1230 852,1230 855,1227 875,1227 876,1226 881,1226 882,1225 883,1225 884,1224 897,1224 898,1225 900,1225 901,1226 902,1226 903,1227 907,1227 908,1226 909,1226 910,1225 918,1225 918,1178 915,1178 914,1177 911,1177 909,1175 909,1174 908,1173 903,1173 902,1172 897,1172 896,1173 895,1173 894,1172 890,1172 889,1173 887,1173 886,1174 884,1174 881,1177 872,1177 871,1176 869,1176 868,1175 867,1175 866,1174 865,1174 864,1173 851,1173 850,1174 848,1174 847,1175 845,1175 844,1176 842,1176 841,1177 839,1177 835,1181 825,1181 824,1180 824,1179 823,1178 823,1177 821,1177 820,1176 819,1176 818,1175 806,1175 805,1176 803,1176 802,1177 800,1177 800,1178 799,1179 799,1180 798,1181 780,1181 779,1180 770,1180 769,1179 764,1179 763,1178 760,1178 759,1177 756,1177 755,1176 747,1176 746,1175 741,1175 740,1174 719,1174 718,1173 713,1173 712,1172 702,1172"/>
                <pc:Baseline points="92,1221 919,1215"/>
                <pc:TextEquiv conf="0.984920144081116">
                    <pc:Unicode>chriſt hat mich offt verflucht / Durch ſich</pc:Unicode>
                </pc:TextEquiv>
            </pc:TextLine>
            <pc:TextLine id="OCR-D-BIN-DENOISE-DESKEW_0001_region0003_line0004">
                <pc:AlternativeImage filename="OCR-D-SEG-LINE-RESEG-DEWARP/OCR-D-SEG-LINE-RESEG-DEWARP_0001_OCR-D-BIN-DENOISE-DESKEW_0001_region0003_OCR-D-BIN-DENOISE-DESKEW_0001_region0003_line0004.IMG-DEWARP.png" comments="binarized,despeckled,dewarped"/>
                <pc:Coords points="656,1227 654,1227 653,1228 650,1228 649,1229 648,1228 645,1228 644,1227 643,1227 642,1226 635,1226 634,1225 620,1225 619,1226 616,1226 615,1227 603,1227 602,1228 601,1228 600,1229 599,1229 599,1230 598,1231 598,1233 597,1234 590,1234 589,1233 574,1233 573,1234 572,1234 571,1235 566,1235 565,1236 563,1236 562,1235 559,1235 558,1234 557,1234 553,1230 549,1230 548,1229 537,1229 536,1228 528,1228 527,1227 510,1227 509,1228 508,1228 507,1229 499,1229 498,1230 494,1230 493,1231 491,1231 490,1232 489,1232 488,1232 488,1233 487,1234 484,1234 483,1235 467,1235 466,1236 465,1236 464,1237 462,1237 461,1238 453,1238 452,1237 445,1237 444,1238 443,1238 442,1237 440,1237 439,1236 438,1236 437,1235 436,1235 435,1234 434,1234 433,1233 427,1233 426,1232 403,1232 401,1230 400,1230 399,1229 393,1229 392,1230 390,1230 388,1232 386,1232 385,1233 383,1233 382,1234 381,1234 380,1233 379,1233 378,1232 366,1232 365,1233 352,1233 351,1232 351,1230 350,1230 348,1228 347,1228 346,1227 344,1227 343,1226 326,1226 325,1227 323,1227 322,1228 319,1228 314,1233 284,1233 283,1234 258,1234 257,1235 241,1235 240,1236 224,1236 223,1235 223,1232 222,1231 221,1231 220,1230 219,1230 218,1229 213,1229 212,1228 207,1228 206,1229 199,1229 197,1231 197,1232 194,1235 194,1236 193,1237 191,1237 190,1238 189,1238 188,1237 184,1237 183,1236 182,1236 181,1235 176,1235 173,1232 160,1232 159,1233 157,1233 156,1234 155,1234 154,1235 147,1235 146,1236 139,1236 138,1237 117,1237 116,1238 101,1238 92,1247 92,1272 100,1280 108,1280 109,1281 113,1281 114,1280 118,1280 119,1279 132,1279 133,1280 136,1280 137,1281 145,1281 146,1282 155,1282 156,1281 170,1281 171,1282 187,1282 188,1283 188,1284 189,1285 189,1286 190,1287 192,1287 193,1288 197,1288 198,1289 199,1289 200,1288 204,1288 205,1287 207,1287 207,1286 208,1285 208,1284 210,1282 258,1282 259,1281 265,1281 267,1283 267,1284 269,1286 271,1286 272,1285 273,1285 274,1284 275,1284 276,1283 278,1283 279,1282 280,1282 281,1283 292,1283 294,1285 295,1285 296,1286 297,1285 299,1285 300,1284 301,1284 302,1283 302,1281 303,1280 303,1279 304,1278 308,1278 309,1277 312,1277 317,1272 318,1272 319,1271 328,1271 333,1276 333,1277 335,1279 343,1279 344,1280 353,1280 354,1279 393,1279 394,1280 402,1280 403,1279 459,1279 460,1280 469,1280 470,1279 503,1280 504,1279 527,1279 528,1278 541,1278 542,1277 547,1277 548,1276 555,1276 556,1275 566,1275 567,1276 570,1276 571,1277 588,1277 589,1276 590,1276 591,1275 602,1275 604,1277 605,1277 607,1279 610,1279 612,1281 613,1281 614,1282 618,1282 619,1283 622,1283 623,1284 624,1284 625,1283 631,1283 632,1282 633,1282 634,1281 636,1281 641,1276 643,1276 644,1275 659,1275 660,1276 661,1276 662,1277 714,1277 715,1276 730,1276 731,1275 740,1275 741,1274 742,1274 743,1273 749,1273 750,1272 755,1272 756,1273 758,1273 759,1274 760,1274 761,1275 810,1275 811,1276 819,1276 820,1275 826,1275 827,1274 829,1274 830,1273 836,1273 837,1272 846,1272 847,1273 851,1273 852,1274 853,1274 854,1275 863,1275 864,1274 875,1274 876,1275 880,1275 881,1276 881,1278 882,1279 882,1280 884,1280 885,1281 894,1281 895,1280 901,1280 902,1279 903,1279 906,1276 907,1276 908,1275 918,1275 918,1228 903,1228 902,1227 901,1227 900,1226 898,1226 897,1225 884,1225 883,1226 882,1226 881,1227 879,1227 878,1228 865,1228 864,1229 854,1229 852,1231 851,1231 850,1232 846,1232 845,1233 844,1233 843,1232 838,1232 837,1231 836,1231 835,1230 823,1230 822,1231 817,1231 816,1232 812,1232 811,1231 807,1231 806,1230 800,1230 799,1229 788,1229 787,1230 783,1230 782,1229 760,1229 759,1228 751,1228 749,1226 748,1226 747,1225 746,1225 745,1224 730,1224 729,1225 728,1225 727,1226 725,1226 725,1227 724,1228 720,1228 719,1227 708,1227 707,1226 690,1226 689,1227 684,1227 683,1226 682,1226 681,1225 680,1225 679,1224 659,1224"/>
                <pc:Baseline points="92,1269 919,1265"/>
                <pc:TextEquiv conf="0.964258134365082">
                    <pc:Unicode>vnd ſein geſandten. Der Eer hat mich</pc:Unicode>
                </pc:TextEquiv>
            </pc:TextLine>
            <pc:TextLine id="OCR-D-BIN-DENOISE-DESKEW_0001_region0003_line0005">
                <pc:AlternativeImage filename="OCR-D-SEG-LINE-RESEG-DEWARP/OCR-D-SEG-LINE-RESEG-DEWARP_0001_OCR-D-BIN-DENOISE-DESKEW_0001_region0003_OCR-D-BIN-DENOISE-DESKEW_0001_region0003_line0005.IMG-DEWARP.png" comments="binarized,despeckled,dewarped"/>
                <pc:Coords points="318,1273 317,1273 309,1281 309,1282 307,1284 302,1284 301,1285 300,1285 299,1286 297,1286 296,1287 295,1286 294,1286 292,1284 281,1284 280,1283 279,1283 278,1284 276,1284 275,1285 274,1285 273,1286 272,1286 271,1287 261,1287 260,1288 205,1288 204,1289 200,1289 199,1290 198,1290 197,1289 193,1289 192,1288 176,1288 175,1287 173,1287 172,1286 158,1286 157,1285 155,1285 154,1284 151,1284 150,1283 146,1283 145,1282 137,1282 136,1281 133,1281 132,1280 119,1280 118,1281 114,1281 113,1282 109,1282 108,1281 101,1281 93,1289 92,1326 97,1331 98,1331 102,1335 102,1336 103,1336 104,1337 110,1337 111,1336 116,1336 117,1335 121,1335 123,1333 138,1333 139,1332 159,1332 160,1331 179,1331 180,1332 188,1332 189,1331 205,1331 206,1332 256,1332 257,1333 258,1333 259,1334 268,1334 269,1333 271,1333 272,1332 284,1332 285,1331 314,1331 315,1330 330,1330 331,1329 332,1329 333,1328 343,1328 344,1329 381,1329 382,1330 399,1330 400,1331 408,1331 409,1330 410,1331 419,1331 420,1330 485,1330 486,1329 494,1330 495,1329 500,1329 501,1328 506,1328 507,1327 508,1328 512,1328 513,1327 514,1327 515,1326 524,1326 525,1327 529,1327 530,1328 531,1328 532,1329 565,1329 566,1328 567,1328 568,1327 570,1327 571,1326 584,1326 585,1327 586,1327 588,1329 588,1330 589,1331 589,1332 590,1333 604,1333 605,1332 606,1332 607,1331 609,1331 610,1330 611,1330 612,1329 626,1329 627,1328 655,1328 656,1327 682,1327 683,1326 705,1326 706,1327 707,1327 708,1326 710,1326 711,1325 714,1325 716,1324 726,1324 726,1325 741,1325 743,1324 763,1324 764,1323 775,1323 776,1322 788,1322 793,1328 794,1328 797,1331 798,1331 799,1332 800,1332 801,1331 803,1331 804,1330 805,1330 806,1329 806,1327 807,1326 820,1326 821,1327 821,1329 822,1330 823,1330 824,1331 825,1331 826,1332 827,1332 828,1331 830,1331 831,1330 832,1330 835,1327 836,1327 836,1326 840,1323 856,1323 857,1324 858,1324 858,1325 859,1325 860,1326 861,1326 862,1325 918,1325 918,1302 918,1281 895,1281 894,1282 885,1282 884,1281 880,1281 879,1280 879,1278 878,1277 878,1276 876,1276 875,1275 864,1275 863,1276 861,1276 858,1279 858,1280 857,1281 856,1280 856,1277 855,1276 854,1276 853,1275 852,1275 851,1274 847,1274 846,1273 837,1273 836,1274 830,1274 829,1275 827,1275 826,1276 824,1276 823,1277 823,1278 821,1280 769,1280 768,1279 764,1279 763,1278 763,1277 762,1276 761,1276 760,1275 759,1275 758,1274 756,1274 755,1273 750,1273 749,1274 743,1274 742,1275 741,1275 740,1276 738,1276 735,1279 729,1279 728,1280 711,1280 710,1281 664,1281 663,1280 663,1278 662,1278 661,1277 660,1277 659,1276 644,1276 643,1277 641,1277 636,1282 634,1282 633,1283 632,1283 631,1284 625,1284 624,1285 623,1285 622,1284 619,1284 618,1283 614,1283 613,1282 612,1282 610,1280 607,1280 605,1278 604,1278 602,1276 591,1276 590,1277 589,1277 588,1278 571,1278 570,1277 567,1277 566,1276 556,1276 555,1277 548,1277 547,1278 542,1278 541,1279 528,1279 527,1280 504,1280 503,1281 480,1280 479,1281 472,1281 471,1282 463,1282 462,1283 449,1283 448,1284 419,1284 418,1285 340,1285 339,1284 337,1284 336,1283 336,1282 335,1281 335,1280 332,1277 332,1276 328,1272 319,1272"/>
                <pc:Baseline points="93,1323 919,1314"/>
                <pc:TextEquiv conf="0.934594213962555">
                    <pc:Unicode>ſlets wol bewart / E halten bey ſeim</pc:Unicode>
                </pc:TextEquiv>
            </pc:TextLine>
            <pc:TextLine id="OCR-D-BIN-DENOISE-DESKEW_0001_region0003_line0006">
                <pc:AlternativeImage filename="OCR-D-SEG-LINE-RESEG-DEWARP/OCR-D-SEG-LINE-RESEG-DEWARP_0001_OCR-D-BIN-DENOISE-DESKEW_0001_region0003_OCR-D-BIN-DENOISE-DESKEW_0001_region0003_line0006.IMG-DEWARP.png" comments="binarized,despeckled,dewarped"/>
                <pc:Coords points="776,1323 775,1324 773,1324 769,1327 769,1328 768,1329 751,1329 750,1328 729,1328 728,1327 728,1326 726,1326 725,1325 715,1325 714,1326 711,1326 710,1327 708,1327 707,1328 703,1328 702,1329 688,1329 687,1330 678,1330 677,1331 667,1331 666,1332 643,1332 642,1333 622,1333 621,1332 607,1332 606,1333 605,1333 604,1334 590,1334 588,1332 588,1331 587,1330 587,1329 586,1328 585,1328 584,1327 571,1327 570,1328 568,1328 567,1329 566,1329 565,1330 564,1330 562,1332 535,1332 534,1331 534,1330 532,1330 531,1329 530,1329 529,1328 525,1328 524,1327 515,1327 514,1328 513,1328 512,1329 510,1329 509,1330 509,1331 508,1332 505,1332 504,1333 483,1332 482,1333 467,1333 466,1334 448,1334 447,1335 430,1335 429,1336 411,1336 410,1335 373,1335 372,1334 360,1334 359,1335 348,1335 347,1334 347,1332 346,1331 346,1330 344,1330 343,1329 333,1329 332,1330 331,1330 330,1331 328,1331 328,1332 327,1333 327,1334 326,1335 321,1335 320,1336 288,1336 287,1337 246,1337 245,1336 245,1335 243,1333 230,1333 229,1334 228,1334 225,1337 219,1337 218,1336 117,1336 116,1337 111,1337 110,1338 104,1338 103,1337 102,1337 93,1346 93,1350 94,1351 94,1370 95,1371 96,1371 102,1377 109,1377 110,1378 119,1378 120,1377 169,1377 170,1378 177,1378 178,1379 179,1378 183,1378 184,1379 191,1379 192,1380 195,1380 196,1381 200,1381 201,1380 213,1380 214,1381 215,1381 216,1382 218,1382 222,1386 232,1386 233,1385 235,1385 236,1384 237,1384 239,1382 242,1382 243,1381 257,1381 258,1382 295,1382 296,1381 329,1381 330,1380 390,1380 391,1379 403,1379 404,1380 407,1380 408,1379 409,1379 410,1378 411,1378 412,1377 425,1377 426,1378 427,1378 428,1379 442,1379 443,1378 444,1378 445,1377 446,1377 447,1376 461,1376 462,1377 464,1377 465,1378 466,1378 467,1379 479,1379 480,1380 488,1381 489,1380 507,1380 508,1379 527,1379 528,1378 536,1378 537,1377 539,1377 540,1376 541,1376 542,1375 548,1375 549,1374 555,1374 556,1375 562,1375 563,1376 564,1376 565,1377 570,1377 571,1378 571,1379 573,1381 578,1381 579,1382 581,1382 582,1381 587,1381 588,1380 589,1380 592,1377 641,1377 642,1376 652,1376 652,1375 659,1368 664,1368 665,1369 667,1369 669,1371 670,1371 672,1373 673,1373 675,1375 724,1375 725,1374 727,1374 728,1373 739,1373 740,1374 741,1374 742,1375 743,1375 744,1376 748,1376 749,1375 762,1375 763,1374 766,1374 769,1377 770,1377 771,1378 777,1378 778,1377 781,1377 784,1374 789,1374 790,1373 808,1373 809,1374 810,1373 822,1373 823,1374 826,1374 827,1375 828,1375 830,1377 831,1377 833,1379 837,1379 838,1378 841,1378 843,1376 844,1376 845,1375 847,1375 848,1376 884,1376 885,1375 886,1375 887,1374 897,1374 898,1375 918,1375 918,1329 909,1329 908,1328 899,1328 898,1329 886,1329 885,1330 866,1330 865,1331 861,1331 860,1330 860,1327 859,1326 858,1326 857,1325 856,1325 856,1324 840,1324 837,1326 837,1327 836,1328 835,1328 832,1331 831,1331 830,1332 828,1332 827,1333 826,1333 825,1332 824,1332 823,1331 813,1331 812,1330 806,1330 805,1331 804,1331 803,1332 801,1332 800,1333 799,1333 798,1332 797,1332 794,1329 793,1329 788,1323"/>
                <pc:Baseline points="94,1367 918,1365"/>
                <pc:TextEquiv conf="0.966104984283447">
                    <pc:Unicode>worte / er wirt es auch thun ʒu dieſer fart</pc:Unicode>
                </pc:TextEquiv>
            </pc:TextLine>
            <pc:TextLine id="OCR-D-BIN-DENOISE-DESKEW_0001_region0003_line0007">
                <pc:AlternativeImage filename="OCR-D-SEG-LINE-RESEG-DEWARP/OCR-D-SEG-LINE-RESEG-DEWARP_0001_OCR-D-BIN-DENOISE-DESKEW_0001_region0003_OCR-D-BIN-DENOISE-DESKEW_0001_region0003_line0007.IMG-DEWARP.png" comments="binarized,despeckled,dewarped"/>
                <pc:Coords points="659,1369 653,1375 653,1376 652,1377 652,1378 653,1379 653,1380 652,1381 637,1381 636,1382 582,1382 581,1383 579,1383 578,1382 569,1382 568,1381 568,1380 567,1379 567,1378 565,1378 564,1377 563,1377 562,1376 556,1376 555,1375 549,1375 548,1376 542,1376 541,1377 540,1377 539,1378 537,1378 536,1379 534,1379 534,1380 532,1382 530,1382 529,1383 508,1383 507,1384 485,1383 484,1384 469,1384 468,1383 468,1380 467,1380 466,1379 465,1379 464,1378 462,1378 461,1377 447,1377 446,1378 445,1378 444,1379 443,1379 442,1380 440,1380 439,1381 439,1382 438,1383 431,1383 430,1382 430,1381 429,1380 428,1380 427,1379 426,1379 425,1378 412,1378 411,1379 410,1379 409,1380 408,1380 407,1381 406,1381 406,1382 404,1384 384,1384 383,1385 335,1385 334,1386 296,1386 295,1387 278,1387 277,1386 262,1386 261,1385 261,1384 260,1383 258,1383 257,1382 243,1382 242,1383 240,1383 240,1384 238,1386 233,1386 232,1387 219,1387 218,1386 218,1384 217,1383 216,1383 215,1382 214,1382 213,1381 201,1381 200,1382 196,1382 195,1381 192,1381 191,1380 184,1380 183,1379 179,1379 178,1380 177,1379 170,1379 169,1378 120,1378 119,1379 110,1379 109,1378 103,1378 95,1386 95,1423 103,1431 152,1431 153,1430 162,1430 163,1429 165,1429 166,1428 172,1428 173,1427 180,1427 181,1428 187,1428 188,1429 191,1429 192,1428 207,1428 208,1429 210,1429 211,1430 217,1430 218,1429 220,1429 221,1430 227,1430 228,1429 229,1429 230,1428 232,1428 233,1427 238,1427 239,1428 243,1428 244,1429 252,1429 253,1430 256,1430 257,1431 264,1431 265,1430 269,1430 270,1431 279,1431 280,1432 287,1432 288,1431 302,1431 303,1432 311,1432 313,1434 313,1435 314,1435 315,1436 316,1436 317,1437 328,1437 329,1436 333,1436 335,1434 336,1434 337,1433 338,1433 339,1432 340,1432 341,1431 358,1431 359,1430 408,1430 410,1432 410,1433 413,1433 414,1434 420,1434 421,1435 423,1435 424,1434 429,1434 433,1430 440,1430 441,1431 460,1431 461,1430 476,1430 477,1429 490,1430 491,1429 497,1429 498,1428 502,1428 503,1427 511,1427 512,1428 513,1428 514,1429 529,1429 530,1430 530,1432 531,1433 531,1434 533,1434 534,1435 535,1435 536,1436 540,1436 541,1437 543,1437 544,1436 548,1436 549,1435 551,1435 552,1434 552,1430 553,1429 608,1429 609,1428 630,1428 631,1427 644,1427 645,1428 722,1428 723,1429 723,1430 724,1431 724,1432 726,1434 727,1434 728,1435 742,1435 743,1434 744,1434 747,1431 747,1430 748,1429 748,1428 749,1427 757,1427 759,1429 760,1429 761,1430 769,1430 770,1429 772,1429 773,1428 774,1428 775,1427 800,1427 801,1426 845,1426 846,1427 854,1427 855,1426 869,1426 870,1427 880,1427 881,1426 886,1426 887,1425 908,1425 909,1424 918,1424 918,1378 903,1378 902,1377 901,1377 900,1376 898,1376 897,1375 887,1375 886,1376 885,1376 884,1377 882,1377 881,1378 875,1378 874,1379 864,1379 863,1380 862,1379 858,1379 857,1378 855,1378 854,1377 848,1377 847,1376 845,1376 844,1377 843,1377 841,1379 838,1379 837,1380 833,1380 831,1378 830,1378 828,1376 827,1376 826,1375 823,1375 822,1374 810,1374 809,1375 808,1374 790,1374 789,1375 784,1375 781,1378 778,1378 777,1379 771,1379 770,1378 769,1378 766,1375 763,1375 762,1376 753,1376 752,1377 749,1377 748,1378 746,1378 745,1377 744,1377 743,1376 742,1376 741,1375 740,1375 739,1374 728,1374 727,1375 725,1375 724,1376 722,1376 722,1377 721,1378 721,1379 720,1380 712,1380 711,1381 674,1381 673,1380 675,1378 675,1377 676,1376 675,1376 673,1374 672,1374 670,1372 669,1372 667,1370 665,1370 664,1369"/>
                <pc:Baseline points="95,1421 918,1415"/>
                <pc:TextEquiv conf="0.963998973369598">
                    <pc:Unicode>Mein hertz verhuͤten fur vnarth / Vnnd</pc:Unicode>
                </pc:TextEquiv>
            </pc:TextLine>
            <pc:TextLine id="OCR-D-BIN-DENOISE-DESKEW_0001_region0003_line0008">
                <pc:AlternativeImage filename="OCR-D-SEG-LINE-RESEG-DEWARP/OCR-D-SEG-LINE-RESEG-DEWARP_0001_OCR-D-BIN-DENOISE-DESKEW_0001_region0003_OCR-D-BIN-DENOISE-DESKEW_0001_region0003_line0008.IMG-DEWARP.png" comments="binarized,despeckled,dewarped"/>
                <pc:Coords points="503,1428 502,1429 498,1429 497,1430 495,1430 495,1431 494,1432 494,1434 493,1435 446,1434 445,1435 424,1435 423,1436 421,1436 420,1435 414,1435 413,1434 409,1434 408,1435 397,1435 396,1436 363,1436 362,1437 329,1437 328,1438 317,1438 316,1437 315,1437 314,1436 307,1436 306,1435 306,1434 305,1433 303,1433 302,1432 289,1432 287,1434 286,1434 285,1433 280,1433 279,1432 270,1432 269,1431 265,1431 264,1432 257,1432 256,1431 253,1431 252,1430 244,1430 243,1429 239,1429 238,1428 233,1428 232,1429 230,1429 229,1430 228,1430 227,1431 221,1431 220,1430 218,1430 217,1431 211,1431 210,1430 208,1430 207,1429 192,1429 191,1430 188,1430 187,1429 181,1429 180,1428 173,1428 172,1429 166,1429 165,1430 163,1430 162,1431 156,1431 155,1432 154,1432 153,1433 151,1433 150,1434 148,1434 147,1435 142,1435 141,1436 129,1436 128,1437 103,1437 101,1439 100,1439 93,1446 92,1446 92,1471 93,1472 93,1475 95,1477 96,1477 99,1480 100,1480 103,1483 109,1483 111,1485 112,1485 113,1486 123,1486 124,1485 125,1485 127,1483 139,1483 140,1484 150,1484 151,1485 151,1488 152,1489 152,1490 154,1492 155,1492 156,1493 160,1493 161,1494 169,1494 170,1493 171,1493 174,1490 174,1489 175,1488 175,1487 176,1486 177,1486 178,1487 187,1487 188,1488 188,1489 190,1491 191,1491 192,1492 200,1492 201,1491 204,1491 205,1490 208,1490 209,1489 210,1489 211,1488 212,1488 213,1487 223,1487 224,1488 232,1488 233,1487 240,1487 241,1486 270,1486 272,1488 272,1489 275,1492 276,1492 277,1493 278,1493 279,1494 281,1494 282,1495 289,1495 290,1496 331,1496 332,1495 341,1495 342,1494 344,1494 345,1493 346,1493 349,1490 349,1489 350,1488 350,1486 351,1485 416,1485 417,1484 443,1484 444,1485 452,1485 453,1484 454,1484 455,1483 494,1484 495,1485 495,1486 496,1487 496,1488 498,1490 499,1490 500,1491 503,1491 504,1492 513,1492 514,1491 515,1491 516,1490 517,1490 519,1488 519,1487 520,1486 520,1484 521,1483 531,1483 532,1482 545,1482 547,1480 548,1480 549,1479 551,1479 552,1478 561,1478 562,1477 583,1477 584,1476 597,1476 598,1475 602,1475 603,1474 604,1474 605,1473 606,1473 607,1472 607,1444 606,1443 606,1442 604,1440 603,1440 602,1439 591,1439 590,1438 586,1438 585,1437 576,1437 575,1436 554,1436 553,1435 552,1435 551,1436 549,1436 548,1437 544,1437 543,1438 541,1438 540,1437 536,1437 535,1436 534,1436 533,1435 518,1435 517,1434 517,1432 516,1431 516,1430 514,1430 513,1429 512,1429 511,1428"/>
                <pc:Baseline points="93,1473 321,1479 607,1470"/>
                <pc:TextEquiv conf="0.929533183574677">
                    <pc:Unicode>vnſchůldigem norehe.</pc:Unicode>
                </pc:TextEquiv>
            </pc:TextLine>
            <pc:TextLine id="OCR-D-BIN-DENOISE-DESKEW_0001_region0003_line0009">
                <pc:AlternativeImage filename="OCR-D-SEG-LINE-RESEG-DEWARP/OCR-D-SEG-LINE-RESEG-DEWARP_0001_OCR-D-BIN-DENOISE-DESKEW_0001_region0003_OCR-D-BIN-DENOISE-DESKEW_0001_region0003_line0009.IMG-DEWARP.png" comments="binarized,despeckled,dewarped"/>
                <pc:Coords points="724,1467 723,1468 722,1468 720,1470 720,1471 719,1472 719,1483 718,1484 679,1484 678,1483 678,1482 677,1481 677,1479 676,1478 676,1477 674,1475 673,1475 672,1474 667,1474 666,1473 661,1473 660,1472 652,1472 651,1473 650,1473 646,1477 644,1477 643,1476 641,1476 640,1475 635,1475 634,1474 605,1474 604,1475 603,1475 602,1476 598,1476 597,1477 584,1477 583,1478 562,1478 561,1479 552,1479 551,1480 549,1480 548,1481 547,1481 546,1482 546,1501 545,1502 515,1502 514,1503 513,1503 511,1505 511,1506 510,1507 510,1530 511,1531 511,1532 513,1534 514,1534 515,1535 626,1535 627,1534 628,1534 629,1535 640,1535 641,1536 647,1536 650,1539 651,1539 652,1540 661,1540 662,1539 666,1539 667,1538 729,1538 730,1537 731,1537 733,1535 733,1534 734,1533 734,1528 735,1527 737,1527 738,1526 814,1526 815,1527 850,1527 851,1528 860,1528 861,1529 868,1529 869,1530 876,1530 877,1531 885,1531 886,1532 887,1532 889,1534 890,1534 891,1535 900,1535 901,1534 902,1534 904,1532 918,1532 918,1475 910,1475 909,1474 909,1473 908,1472 908,1471 906,1469 905,1469 904,1468 901,1468 900,1467 891,1467 890,1468 889,1468 888,1469 887,1469 886,1470 885,1470 882,1473 882,1474 881,1475 876,1475 872,1471 871,1471 870,1470 857,1470 856,1469 847,1469 846,1468 809,1468 808,1467"/>
                <pc:Baseline points="510,1526 714,1527 745,1517 918,1521"/>
                <pc:TextEquiv conf="0.844973027706146">
                    <pc:Unicode>Aii Reich</pc:Unicode>
                </pc:TextEquiv>
            </pc:TextLine>
            <pc:TextEquiv>
                <pc:Unicode>RJD hab ieh doch allzeit eſucht /
Mit alle mein vorwandten. Der Anti⸗
chriſt hat mich offt verflucht / Durch ſich
vnd ſein geſandten. Der Eer hat mich
ſlets wol bewart / E halten bey ſeim
worte / er wirt es auch thun ʒu dieſer fart
Mein hertz verhuͤten fur vnarth / Vnnd
vnſchůldigem norehe.
Aii Reich</pc:Unicode>
            </pc:TextEquiv>
        </pc:TextRegion>
        <pc:ImageRegion id="OCR-D-BIN-DENOISE-DESKEW_0001_image0004">
            <pc:Coords points="0,95 1,96 5,96 6,97 13,97 15,99 16,99 17,100 21,100 22,101 32,101 33,100 37,100 38,99 39,99 42,96 43,96 45,94 45,93 48,90 48,89 49,88 49,84 50,83 50,72 51,71 51,66 52,65 60,65 61,64 73,64 74,65 108,65 109,66 138,66 139,67 171,67 172,68 276,68 277,69 289,69 290,70 300,70 301,69 310,69 311,70 340,70 341,71 372,71 373,72 457,72 458,71 506,72 507,73 528,73 529,72 544,72 545,73 594,73 595,74 642,74 643,75 697,75 698,76 715,76 716,77 758,77 759,78 780,78 781,79 809,79 810,80 820,80 821,79 822,80 855,80 856,81 875,81 876,80 878,80 879,81 889,81 890,80 896,80 897,79 919,79 919,34 0,34"/>
        </pc:ImageRegion>
        <pc:ImageRegion id="OCR-D-BIN-DENOISE-DESKEW_0001_image0005">
            <pc:Coords points="261,229 260,230 254,230 252,232 249,232 248,233 245,233 244,234 241,234 240,235 239,235 238,236 237,236 236,237 234,237 233,238 232,238 228,242 227,242 226,243 226,245 227,246 227,248 228,249 228,254 229,255 229,259 230,260 230,262 229,263 229,266 227,268 227,269 223,273 223,276 222,277 222,279 223,280 223,282 224,283 224,285 227,288 227,289 229,291 229,292 230,293 230,294 234,298 234,301 235,302 235,303 236,304 236,306 237,307 237,308 239,310 239,315 240,316 240,317 238,319 237,319 236,320 232,320 230,318 229,318 228,317 227,317 226,316 225,316 224,315 223,315 222,314 220,314 219,313 217,313 216,312 214,312 213,311 205,311 204,312 198,312 197,311 193,311 192,310 191,310 188,307 187,307 186,306 185,306 183,304 182,304 179,301 177,301 176,300 175,300 174,299 172,299 171,300 168,300 167,301 166,301 165,302 164,302 163,303 162,303 161,304 160,304 159,305 153,305 152,306 151,306 150,307 143,307 142,306 141,307 130,307 127,304 125,304 124,303 122,303 121,302 119,302 118,301 117,301 116,300 111,300 110,299 100,299 99,298 98,298 96,300 96,301 95,302 95,303 94,304 94,305 93,306 93,310 92,311 92,318 90,320 90,321 87,324 87,325 86,326 86,330 85,331 85,335 84,336 84,347 85,348 85,352 86,353 86,354 89,357 89,358 92,361 93,361 95,363 96,363 97,364 105,364 106,363 122,363 123,364 125,364 126,365 127,365 128,366 142,366 143,367 151,367 152,368 156,368 157,369 159,369 160,370 162,370 163,371 167,371 170,368 171,368 172,367 173,367 174,366 186,366 187,367 197,367 198,368 201,368 202,369 205,369 206,370 212,370 213,371 222,371 223,370 232,370 233,369 234,369 236,367 237,367 239,365 242,365 243,364 252,364 253,363 260,363 262,361 262,360 263,359 263,357 264,356 264,355 265,354 265,351 266,350 265,349 265,336 266,335 266,334 271,329 271,328 272,327 272,326 273,325 273,323 272,322 272,312 271,311 271,310 272,309 272,305 271,304 271,296 270,295 270,291 271,290 271,288 272,287 272,286 273,285 273,284 274,283 274,281 275,280 275,278 276,277 275,276 275,275 273,273 273,272 271,270 271,269 270,268 270,266 269,265 269,262 268,261 268,259 267,258 267,257 268,256 267,255 267,249 266,248 266,245 267,244 267,243 268,242 268,240 269,239 269,238 263,232 263,231"/>
        </pc:ImageRegion>
        <pc:ImageRegion id="OCR-D-BIN-DENOISE-DESKEW_0001_image0006">
            <pc:Coords points="22,1627 18,1627 17,1628 15,1628 14,1629 10,1629 9,1630 3,1630 2,1631 0,1631 0,1696 415,1696 415,1691 414,1690 414,1686 413,1685 413,1684 410,1681 410,1680 408,1678 407,1678 404,1675 403,1675 402,1674 398,1674 397,1673 370,1673 369,1672 346,1672 345,1671 320,1671 319,1670 269,1670 268,1669 234,1669 233,1668 227,1668 226,1667 223,1667 222,1666 218,1666 217,1665 213,1665 212,1664 206,1664 205,1663 201,1663 200,1662 196,1662 195,1661 193,1661 192,1660 188,1660 187,1659 183,1659 182,1658 178,1658 177,1657 173,1657 172,1656 168,1656 167,1655 163,1655 162,1654 158,1654 157,1653 156,1653 155,1652 152,1652 151,1651 147,1651 146,1650 143,1650 142,1649 138,1649 137,1648 134,1648 133,1647 131,1647 130,1646 126,1646 125,1645 121,1645 120,1644 117,1644 116,1643 112,1643 111,1642 107,1642 106,1641 102,1641 101,1640 98,1640 97,1639 94,1639 93,1638 90,1638 89,1637 85,1637 84,1636 80,1636 79,1635 75,1635 74,1634 70,1634 69,1633 65,1633 64,1632 60,1632 59,1631 56,1631 55,1630 51,1630 50,1629 44,1629 43,1628 40,1628 39,1627 35,1627 34,1626 23,1626"/>
        </pc:ImageRegion>
        <pc:SeparatorRegion id="OCR-D-BIN-DENOISE-DESKEW_0001_sep0007">
            <pc:Coords points="155,168 144,175 149,183 147,189 139,178 115,187 127,204 123,209 119,198 112,203 103,197 97,203 98,217 110,226 110,232 139,229 142,222 140,230 122,233 114,242 120,252 109,268 126,275 140,274 145,278 144,284 126,283 134,280 120,274 119,278 106,276 111,296 130,306 159,304 172,293 158,255 167,215 153,196 149,201 146,195 149,199 154,192 172,187 175,195 171,205 186,210 193,204 192,189 196,206 219,214 223,208 231,210 235,196 254,209 261,194 250,182 223,168 216,168 215,180 204,180 205,189 198,169 193,182 185,180 183,169 183,180 176,181 173,169 173,180 169,182 170,168"/>
        </pc:SeparatorRegion>
    </pc:Page>
</pc:PcGts>
