1198 1751
109 154 980 250 Der Xij. Pſalm / Vſque
118 229 963 316 quo Domne obliu:ſceris me in finem.
279 327 980 403 Ch Err wie lant / machſtu mir
292 378 980 451 bang / wilt mem ſo gar vergeſſen
294 432 980 496 Deins Antlttz zter / verbirgſtu
261 477 980 547 mir / verſuchen macht vermeſſn
126 534 980 600 Mein ſeel vnd letb / mus tragen leidt / da⸗
125 582 980 652 non bekůmpt der Feyndt groſs freudt /
126 630 834 703 Das thut mich heffcig krencken.
139 731 980 800 Schaw doch die not / erhoͤr mich Got /
133 784 980 850 Mein augen thu erleuchten / Das ſie mit
132 832 980 900 icht / im todt ſchlaffn nicht / Den feindt
133 887 980 951 wuͤrd es gut deuchtẽ / Dauon er jm dieſen
135 938 980 1002 rhum nem / Wie er mich hett gemachet
136 986 946 1055 zem / nach jm můſt ich mich lencken.
175 1082 980 1150 Jch hoff aber doch / dein gut wehret
141 1138 980 1199 noch / iein hertz frewt ſich deins hetles /
142 1189 980 1248 Dich Gott mein errn / wil ch ſtets ehrn
145 1239 980 1300 Erloͤſt bin ich des ſeyles. on deinem
145 1289 980 1353 troſt ſingich gantz frey / Das mir widder
144 1340 980 1408 geholffen ſey / Von dir wil ich meht wen⸗
148 1394 342 1452 cken.
