1675 2286
637 315 744 366 19
221 405 1124 463 nem Geiſt duften, wie dieſe Kräuter, dem Geiſt jener
221 467 1124 526 ſchönen Vorwelt, in deren Sinn der Tempel hier gebaut
221 530 1124 586 iſt. — Dein Geiſt ſpricht ja die heilige Ordnung der
221 594 1124 647 Schönheit aus wie er, und ob ich ihm was bin, ob ich
221 656 875 711 ihm was bleibe, das iſt dann einerlei.
288 717 1124 772 Ja ſüßer Freund! ob ich Dir was bin: was ſoll
221 779 1124 834 ich danach fragen? — weiß ich doch, daß die Lerche
221 839 1124 896 nicht umſonſt jubelnd aufſteigt, daß der Morgenwind
222 900 1124 953 nicht ungefühlt in den Zweigen liſpelt, ja daß die ganze
221 960 1124 1017 Natur nicht unbegriffen in ihr Schweigen verſunken iſt;
222 1024 1120 1081 was ſollt' ich zagen, von Dir nicht verſtanden nicht ge—
223 1085 1124 1142 fühlt zu ſein? — Drum will ich nicht ſchwören Dir et—
223 1146 1124 1203 was zu ſein; es iſt mir gewiß, daß ich Dir bin, was
224 1205 1124 1262 in einſtimmender Schönheit ein Ton der Natur, cine
225 1268 1124 1327 geiſtige Berührung dieſer ſinnlichen Welt Dir ſein kann.
779 1517 974 1563 Jm Juli.
297 1574 1124 1634 Dieſe Tage, dieſe Gegenden ſie tragen das Antlitz
227 1637 1124 1696 des Paradieſes. Die Fülle lacht mich an in der reifen⸗
226 1701 1124 1758 den Frucht, das Leben jauchzt in mir, und einſam bin
228 1764 1124 1820 ich wie der erſte Menſch; und ich lerne wie dieſer hert⸗
228 1824 1124 1880 ſchen und gebieten dem Glück: daß die Welt ſoll
