1287 2063
178 109 1009 180 20 Wird in ſeinem 6. Jahre
178 201 1162 260 umbringen wolten, und andere entſetzliche Larven
177 250 1162 316 und Bilder mehr, mit denen ich faſt die gantze
176 306 1162 375 Nacht gequaͤhlet wurde, deſſen ich mich noch auf
177 361 1161 427 eine dunckele Weiſe, und nur wie im Traume er⸗
177 417 1161 484 innere, wie es dann auch nur ein Traum war.
176 471 1159 541 Jn dieſer Noth und Angſt fieng ich an zu beten,
175 529 1158 593 und indem ich betete, kam es mir vor, als ob ie⸗
173 582 1158 645 mand die bekannten Worte aus dem Buß-⸗Liede
172 638 1157 705 mit beweglicher Stimme ſange: GOtt hat in
170 693 1157 760 ſeiner Hute alle, die er hat erweckt, ertaufft
170 748 1156 818 durch CHriſti Blute, am Creutze hoch aus⸗
172 805 1156 875 geſtreckt; welches mich damals in meiner Seele
171 859 1156 926 auf die kraͤfftigſte Weiſe geſtarcket und erqucket.
171 915 1157 983 Es ſind dieſe Worte damals ſo tieff in den inner⸗
171 972 1160 1041 ſten Grund meines Hertzens gedrungen, daß ſie
170 1025 1160 1094 noch bis auf dieſe Stunde ihre erſte, und Seelen⸗
170 1082 1160 1151 ſtaͤrckende Krafft behalten. Und wenn in mei⸗
169 1137 1159 1205 nem Leben zuweilen die Anfechtungen die hoͤchſte
168 1191 1159 1258 Staffel erreichet haben, und in ſolcher Noch
168 1248 1158 1315 GOttes Troͤſtungen eben ſo groß, als zuvor die
167 1302 1156 1372 Angſt geweſen, und GOtt die Freude des Heili⸗
167 1358 1156 1429 gen Geiſtes Strohm-weiſe in mein Hertze aus⸗
164 1413 1156 1481 gegoſſen, ſo habe ich um ein leichtes unter andern
164 1468 1156 1535 Worten, die ich, oder GOttes Geiſt durch mich
163 1523 1155 1590 meiner Seelen zugeredet, auch voll lebendiger Zu⸗
161 1579 1153 1645 verſicht und Hoffnung der Seligkeit ausgeruffen:
161 1633 1152 1704 GOtt hat in ſeiner Hute alle, die er hat er⸗
161 1693 398 1753 weckt ꝛc.
918 1737 1150 1802 Eben
1225 208 1287 257 t9
1224 261 1287 318 8
1223 310 1287 377 u
1229 430 1287 482 tt
1228 487 1287 545 t
1226 537 1287 592 i
1223 595 1287 648 3
1221 700 1287 769 f
1222 813 1287 871 l
1226 934 1287 984 2
1223 982 1287 1047 i
1225 1045 1287 1096 t
1226 1094 1287 1152 i
1222 1151 1287 1213 i
1222 1204 1287 1268 h
1222 1262 1287 1320 i
1223 1318 1287 1376 il
1222 1375 1287 1432 1
1218 1434 1287 1489 trm
1222 1544 1287 1607 u
1224 1602 1287 1657 t
1180 1765 1286 1817 m
