1521 2287
76 63 305 118 alten vnb
380 65 519 113 t /was
577 61 662 109 er v
734 60 830 114 yetz
1090 61 1139 102 xu
75 101 1226 181 bitte ich den gietigẽ gott das er mir myn lebẽ woͤllẽ
72 155 1226 238 erlengern das ich mit ſyner groſſẽ genadẽ vñ der ſe
72 212 1226 294 len heile diſes mynes willẽ gůter fürnemũg volbrĩg
74 269 1226 350 en muge/ Die andern zwẽ tag oder ſchiffũg behalte
75 326 1226 408 ich hinder mir / Vnd ſo mir der durchleüchtigiſt kün
75 383 1226 465 nig wider gibt diſe dritte ſchiffũg / wil ich vnderſton
75 439 1226 520 heim ʒůkeren vñ růg zů habẽ/ do ich mit den erfaren
78 494 1226 578 vñ gelertẽ vnd võ den fründẽ das werck zů volbrĩg
79 558 1204 638 en geſtercket werd vnd geholffen werden mag.
257 613 985 718 Das . ix. Cpitel.
69 696 1226 783 Hon dir beger ich genad ob ich nit diſe myneſchiff
69 761 1226 840 ung oder mer den leſtẽ tag dir nit geſchickt hab / als
70 816 1226 896 ich dir in dẽ ʒweyn leſten briefẽ verheiſſẽ hat/ vrſach
69 876 1226 949 weiſtu wol wañ ich hab noch nit võ dem durchleüch
68 932 1226 1012 tigſtẽ künig zů ð zyt das evẽplar haben mügẽ/ ich be
68 987 1226 1066 tracht by mir ſelbs noch dẽ vierden tag zů volbring
67 1043 1226 1122 en vñ das hãdelich vñ mir iſt yetz zweyer ſchiff mit
67 1095 1226 1174 iren waffẽ vñ gewerẽ vᷣheiſſen wordẽ/ dz ich zů erſůch
67 1152 1226 1228 en nüwe region vñ gegenden / wið mittag võ der iyt
68 1204 1226 1287 en des vffgangs mich zů richtẽ durch den windt der
69 1265 1226 1346 Affricus genãt wirt/ in woͤlchem tag oð ſchiffũg ich
67 1322 1226 1401 gedenck vil din gs zů volbringen zů gots lob vñ ere
66 1378 1226 1454 vnd wart nichts anders wã des durchleüchtigſten
63 1439 1226 1513 künigs verwilligũg / Gott woͤlle das zů laſſen das
65 1498 1177 1577 das beſt iſt / was dañ wirt ſolt du wol verſtan.
288 1554 974 1656 Das.x. Capitel.
65 1636 1226 1724 Vß Jtaliſcher zũg in die Latiniſch vñ yerz in teüt
63 1696 1226 1785 ſch Ein gůter ſchwatzmã diſe epiſtel gekert hat da⸗
