1205 1750
116 183 119 187 —
265 190 267 192 O
343 174 448 216 lieber
466 173 597 214 Kindt
614 174 644 223 je
653 172 771 220 herter
779 170 945 220 ſtraff“/

278 228 357 267 Ein
367 226 585 277 ſprichwort
595 228 633 265 in
644 227 705 263 der
715 223 829 263 welte.
843 222 929 263 An

268 282 348 320 mir
365 275 540 322 HERR
556 274 658 315 Gott
668 277 750 313 dein
761 273 908 313 willenn

278 327 423 377 ſchaff
423 324 445 377 /
485 337 519 365 Im
537 334 624 371 zorn
635 324 733 367 mich
742 334 793 372 ya
803 324 912 370 nicht

101 382 239 431 ſehelee.
250 379 485 422 Wiewol
427 373 482 431 ich
496 376 564 415 viel
580 373 792 424 geſündiger
809 375 909 419 han
894 373 909 431 /

101 432 183 480 Fur
195 432 252 467 dir
265 429 384 476 HErr
392 430 494 470 Gott
502 425 641 477 alleine
635 424 652 480 /
648 424 733 474 Ich
744 425 814 462 bite
823 424 909 470 dich

101 480 218 526 durch
230 484 313 531 dein
323 481 435 517 lieben
448 479 540 516 Son
559 481 564 518 /
581 477 650 514 Du
660 473 766 526 wolſt
776 475 910 517 verzei⸗

101 534 173 579 hen
183 530 278 569 mein
289 528 490 580 miſsthun
487 523 504 580 /
501 527 595 568 Von
605 524 743 576 ſünden
761 523 908 573 waſchẽ

81 591 224 633 reyne.

112 629 356 682 N
365 629 447 675 ichs
464 626 603 667 anders
615 627 668 667 im
691 626 829 674 hertzen
847 632 911 674 ge⸗

104 682 242 724 meint
235 678 255 727 /
264 679 336 720 Als
345 683 462 719 meine
478 687 576 718 wort
591 687 661 727 ytzt
677 678 817 725 lauten.
838 678 908 716 So

104 726 225 783 ſtraff
240 732 325 779 mich
335 728 452 775 Err
461 729 577 774 durch
588 728 676 774 dieſe
685 726 909 777 feynd
804 726 826 783 /
842 726 909 777 Mit

107 787 229 826 deiner
239 778 422 833 ſcharffen
432 779 567 821 ruthen
595 783 599 818 /
625 777 693 816 Du
702 777 802 824 weiſt
813 776 910 817 mein

104 837 200 882 hertz
209 843 296 874 was
305 830 416 881 darin
426 827 546 877 ſteckt
546 827 562 882 /
583 829 662 873 Dazu
682 828 728 868 all
738 828 834 868 mein
845 835 953 876 ge⸗

102 884 284 926 dancken
276 878 292 928 /
292 882 361 923 Du
370 879 470 928 weiſt
480 882 555 919 das
565 878 660 926 ſichs
671 878 775 923 nicht
785 880 910 917 weiter

103 934 246 986 ſtreckt
253 934 261 972 /
263 933 369 972 Mein
380 932 471 974 hertz
480 929 615 968 drumb
624 930 681 969 nie
690 927 764 976 ſich
774 928 845 970 hat
854 935 912 968 er⸗

61 982 524 1040 ſchreckt/
297 976 369 1040 Von
393 982 524 1040 deinem
535 981 655 1019 Wort
665 979 733 1019 mit
748 976 914 1019 wancké.

109 1080 340 1131 FRId
352 1079 497 1128 habieh
507 1079 602 1124 doch
613 1077 730 1122 allzeit
746 1076 918 1126 geſucht
903 1076 918 1131 /

81 1133 207 1175 Mit
224 1133 295 1173 alle
306 1134 400 1171 mein
417 1132 686 1171 vorwandten.
711 1128 791 1166 Der
801 1128 915 1178 Anti⸗

104 1184 216 1232 chriſt
224 1185 295 1225 hat
306 1183 402 1228 mich
412 1182 486 1232 offt
497 1178 832 1229 verflucht
693 1177 709 1232 /
724 1178 825 1229 Durch
841 1177 927 1225 ſich

99 1240 185 1288 vnd
193 1233 263 1282 ſein
274 1232 484 1282 geſandten.
511 1231 590 1270 Der
616 1228 701 1288 HErr
735 1228 798 1273 hat
813 1228 913 1274 mich

105 1287 205 1331 ſtets
217 1286 291 1326 wol
316 1284 461 1323 bewart
486 1288 501 1323 /
525 1280 718 1327 Erhalten
744 1278 809 1326 bey
827 1278 911 1326 ſeim

108 1336 428 1379 wortejerwirdes
442 1332 540 1376 auch
552 1331 650 1376 thun
660 1339 702 1374 zu
713 1328 821 1377 dieſer
830 1327 944 1376 fart

111 1384 235 1433 Mein
245 1388 338 1431 hertz
346 1382 528 1428 verhuͤren
537 1380 599 1430 fur
609 1380 780 1426 wnarth
778 1379 795 1433 /
789 1379 912 1418 Vnnd

104 1434 381 1489 vnſchuldigem
400 1433 560 1483 morthe.
835 1455 837 1461 —

97 1507 147 1527 —
300 1445 324 1487 .
579 1480 671 1531 Aj
789 1476 914 1527 Reich
