1169 1889
356 128 409 177 1
586 120 876 164 Das
687 120 737 177 io.
753 120 814 177 Cap.
830 120 876 177 der

351 191 454 267 Serl
461 212 522 261 deß
528 209 746 261 Cyprianen.
793 202 862 265 Die
882 202 958 265 Seel
989 215 1025 257 iſt
1038 195 1105 250 nur

356 271 410 313 ein
419 264 543 313 Stück
555 272 609 320 deß
616 271 818 320 Cyprtanen
805 264 822 320 /
827 274 892 310 vnd
903 273 985 310 wird
998 271 1102 318 allhter

355 336 414 369 vor
432 329 489 367 den
507 331 644 375 gantzen
663 309 826 375 Menſchen
838 331 856 370 /
869 309 920 375 der
1150 309 1157 365 Cyprianus

356 377 453 428 delſſet
474 387 481 428 /
482 386 673 428 genommen.
697 376 816 425 Item:
832 376 944 428 Euelus
954 377 1006 413 kan
1016 377 1113 419 nicht

357 429 504 484 zwiſchen
514 425 616 484 ſeinen
632 425 705 484 vier
721 425 856 484 Pfaͤlen
872 425 973 484 ſicher
976 432 1101 479 ſisen:

355 492 459 541 Seyn
476 489 527 528 die
541 487 627 527 vier
622 483 733 537 Pfaͤle
747 500 809 531 nur
827 495 876 529 ein
895 483 1018 528 Stuͤck
1039 484 1102 538 deß

354 543 584 592 Hauſes
505 540 523 596 /
539 540 586 596 vnd
591 550 669 588 wird
677 545 863 596 allhler
787 540 799 596 /
815 540 868 596 das
879 540 1000 596 gantze.
1028 540 1102 596 auß

354 597 543 645 verſtanden.

355 655 426 703 Ahe
433 655 479 700 ich
489 655 623 741 .
631 657 707 692 dein
716 659 731 699 /
739 655 783 701 ſol
795 656 847 692 die
857 654 972 692 Matur
983 653 1100 698 verſin⸗

574 711 613 741 en

355 750 428 792 Vor
435 749 536 798 ſeiner
543 746 775 795 Bronnenfluß
784 752 799 791 /
807 751 862 785 der
870 747 969 793 freche
979 755 1098 795 pariher

543 794 680 832 trincken

381 837 462 881 Aus
470 843 525 879 der
744 847 825 883 Aar
813 837 829 883 /
832 843 883 877 die
894 846 928 877 in
941 843 998 877 der
1009 840 1100 880 Gal⸗

555 897 592 924 en
604 887 702 928 Land

379 933 554 980 Verfuͤhret
567 935 651 978 jhren
657 933 786 973 Strom
795 937 806 976 /
813 933 913 979 durch
926 935 989 970 den
1007 933 1097 980 roht⸗

540 981 651 1028 gelben
673 979 769 1028 Sand.

351 1022 421 1073 Ehe
428 1025 475 1071 ich
485 1026 620 1073 vergeſſe
628 1029 701 1065 dein
725 1030 730 1069 /
742 1027 825 1072 muß
837 1029 888 1063 die
903 1021 1018 1065 Matur
1032 1024 1095 1073 ſich

538 1074 677 1114 endern
662 1074 677 1114 /

348 1119 417 1163 Sie
426 1122 510 1165 muß
515 1113 664 1182 verſetzen
673 1117 730 1164 ſich
737 1128 804 1157 aus
811 1122 872 1157 den
870 1115 1092 1196 grundfeſten

534 1164 684 1203 Laͤndern
693 1170 707 1206 /

383 1208 512 1263 Damit
520 1215 583 1295 9n.
591 1212 707 1258 teuſche
713 1212 785 1250 Cerl
797 1214 848 1249 die
855 1220 949 1259 Tieger
959 1212 1090 1259 ſchlucke

534 1266 584 1296 ein

380 1277 520 1357 Sojetzt
528 1305 583 1349 bey
591 1304 743 1357 Babylon
759 1307 819 1342 den
828 1300 942 1352 Phrat
957 1305 1090 1354 begruſ⸗

529 1349 575 1400 ſct
584 1348 625 1402 fei
598 1362 659 1390 ein.

412 1416 527 1459 Allhier
539 1418 616 1454 wird
628 1422 775 1460 genennet
795 1420 841 1456 die
853 1416 964 1463 gantze
968 1384 1053 1467 Aor

308 1479 402 1516 vnd
410 1471 549 1523 verſtehet
561 1480 611 1515 der
618 1474 715 1522 Poet
712 1482 775 1515 nur
782 1470 878 1509 einen
892 1466 998 1521 Theil
1012 1471 1084 1510 der⸗

335 1525 497 1583 ſelbigen
484 1525 503 1585 /
507 1534 667 1583 ſintemahl
677 1535 767 1585 dieſes
798 1525 911 1585 Waſſer
934 1525 1085 1585 durchaus

661 1604 663 1606 —
997 1584 1085 1632 niche
