1169 1889
255 212 352 251 Haſſer
377 212 422 270 get
432 231 442 261 /
460 212 510 270 daß
520 224 682 270 diejenigen
693 223 842 263 Voͤlcker
839 212 851 270 /
856 227 963 268 welche
976 230 1019 264 die
1028 226 1120 268 Teut⸗

65 277 118 312 1
782 274 964 326 nnn
1014 280 1117 317 e

65 317 152 371 4
374 328 481 380 hiſche
496 329 743 382 verachtet
673 323 690 382 /
700 323 750 382 bey
758 339 808 375 der
831 338 942 376 erbarn
958 339 1052 379 Welt
1070 349 1116 382 zu⸗

372 386 526 436 ſchanden
536 393 935 438 worden
663 386 681 444 /
697 386 754 444 vber
769 386 826 444 jhre
842 386 949 444 cygene
948 388 1118 444 Thorheit

371 437 493 490 zeugen
501 447 516 486 /
525 450 589 483 vnd
596 445 666 490 auff
677 437 904 498 jhrelaͤſteruche
936 437 1118 498 Vnſinnig⸗

370 493 432 540 keit
467 494 574 546 zeigen
601 500 730 547 muͤſſen.
775 503 887 545 Dann
907 507 944 545 ob
967 515 1047 550 zwar
1063 506 1117 550 die

368 551 561 601 Trutſchen
579 553 648 605 jhre
667 553 818 605 Sprach
843 558 933 607 nicht
954 568 1024 601 aus
1048 564 1114 602 den

369 606 542 656 Buͤchern
558 608 676 657 ſuchen
687 620 700 647 /
710 610 851 658 ſondern
862 619 929 653 aus
939 618 995 654 der
1004 618 1112 667 einge⸗

368 660 550 715 pflantzten
564 662 685 707 Natur
699 666 844 719 nehmen:
873 668 1017 720 Nicht
1039 684 1110 714 von

366 722 446 764 dem
455 718 599 771 Meiſter
619 722 758 771 ſiudiren
775 733 790 769 /
803 724 942 770 ſondern
957 737 1026 769 von
1045 734 1110 771 den

364 772 523 818 Ammen
542 777 678 818 lernen:
693 778 784 827 nicht
802 779 837 819 in
854 783 917 821 den
940 779 1109 834 Schulen

104 847 105 877 —
364 838 431 872 aus
454 833 519 873 dem
528 830 673 876 Munde
682 837 738 875 der
754 834 878 887 Lehren
894 836 1000 891 faſſen
1010 850 1024 885 /
1033 844 1108 893 ſon⸗

61 878 142 936 ö
362 890 447 928 dern
474 888 510 928 in
534 890 591 930 der
608 888 763 940 Wiegen
777 900 846 932 aus
863 896 925 935 den
950 896 1107 946 Bruͤſten

140 935 141 979 1
363 945 422 984 der
449 936 572 1004 Mutter
588 944 833 997 ſaugen
725 936 743 1004 /
761 944 833 997 nach
852 951 927 992 dem
947 953 1105 1004 dapffern

362 1056 407 1112 zu
411 1056 537 1098 Rom:
552 1060 610 1108 Iſt
622 1061 659 1107 ſie
672 1064 748 1103 doch
761 1067 893 1103 darumb
906 1071 990 1112 nicht
1003 1079 1105 1112 zuver⸗

360 1109 517 1155 ſchmehen
529 1118 542 1150 /
560 1111 624 1149 aber
631 1112 816 1158 zubeklagen
807 1109 824 1164 /
824 1116 884 1160 daß
899 1118 982 1156 Leute
1001 1120 1069 1164 ſeyn
1087 1130 1102 1161 /

357 1167 487 1209 welche
481 1162 499 1224 /
500 1176 590 1204 wenn
605 1167 641 1211 ſie
654 1162 703 1201 die
712 1164 897 1215 Heroiſche
907 1170 1003 1211 Rede
1017 1181 1103 1224 nicht

355 1222 484 1265 bringen
492 1218 611 1259 koͤnnen
621 1225 689 1258 aus
697 1220 760 1259 den
769 1222 1012 1271 vngeſchickten
1022 1226 1101 1271 Ra⸗

358 1270 443 1318 chen
455 1277 468 1310 /
480 1276 624 1324 dieſelbize
635 1272 807 1327 verfolgen
822 1288 881 1322 mie
892 1283 967 1324 dem
983 1294 1098 1334 graw⸗

355 1325 473 1376 ſamen
485 1327 654 1374 Haͤnden.

166 1369 308 1432 Scadet
419 1381 512 1419 Wir
526 1381 628 1427 finden
642 1388 675 1421 in
690 1388 747 1423 den
763 1387 922 1432 Hiſtorien
935 1400 947 1429 /
959 1396 1015 1432 wie
1030 1394 1096 1443 heß⸗

357 1429 414 1471 lich
427 1436 493 1467 vnd
509 1428 644 1475 baͤuriſch
659 1437 702 1470 die
715 1435 876 1482 Latemniſch
896 1439 1032 1487 Sprach
1050 1452 1097 1484 im

57 1476 146 1531 G
167 1463 235 1577 .
243 1469 343 1542 eme.
360 1465 482 1546 Anlang
495 1465 617 1546 geweſen
630 1490 640 1521 /
657 1482 676 1529 ſo
684 1482 795 1532 heßlich
806 1492 869 1527 vnd
877 1486 1096 1541 baͤyriſch
1022 1465 1036 1546 /
1049 1465 1096 1546 daß

363 997 527 1052 Exempel
547 1003 603 1042 der
624 1000 888 1053 Wolgebornen
916 1006 1143 1057 Gracchen

192 160 292 221 Daher
309 160 367 221 ſind
377 160 487 210 dioten
497 162 680 219 offenbahret
694 173 759 219 har.
796 173 879 220 Auff
892 173 1018 220 welches
1032 177 1119 221 erſol⸗
