1280 2091
392 51 647 118 )1(
189 239 234 277 j6
33 256 1060 371 Inſtructions politiques pour un
40 345 1060 437 Gentilhomme, ou lArt de réüſſir à la-
210 406 814 495 Cour, a Paris o5.
29 461 1060 581 Politiſche Unterweiſungen vor ei⸗
38 556 1060 651 nen Edelmann / oder die Kunſt bey Hofe
117 623 971 709 wohl an und fortzukommen.
239 695 816 773 Pariß / im Jahr 169.
303 761 1060 848 Jeſes Buch iſt bereits vor einigen
308 822 1060 914 ahren unter den Titul: IArt
313 890 1060 1004 de regner: oder die Regie⸗
298 973 1060 1067 rungs/ Kunſt heraus gegeben;
40 1053 1060 1137 wegen ſeiner Guͤte aber nunmehro von neuen
40 1119 1060 1201 aufgelegt / und in unterſchiedlichen Sprachen
41 1174 1060 1256 uͤberſetzet worden. Und weil deſſen Tunhalt
44 1233 1060 1317 nicht aldein auff groſſer Herren und Prtentaten
46 1301 1060 1384 ihre Regierung weiſet / ſondern nur deren Ma-
49 1367 1060 1456 ximen in Einrichtung / in Erhaltung /
52 1444 1060 1534 und in Befoͤrderung des Wachsthums ih-
54 1515 1060 1606 res Staats voran / und zum Fundament
58 1596 1060 1676 derjenigen Reflexionen ſetzet / welche zum
59 1660 1060 1733 Gebrauch des Adels / und aller detjenigen be-
60 1718 1060 1800 qvemet ſeynd / ſo am Hofe ihr Gluͤrk zu machen
61 1782 1060 1861 und zu beſeſtigen gedencken / ſo iſt der Titul ge⸗
74 1842 1060 1926 ſanuar. 1696. B andert
