1280 2106
231 38 364 102 1
369 37 1109 107 Politiſche Unterweiſungen
231 141 1245 205 alles ute ein Intereſſe formre / muſſe man noth⸗
231 190 1245 260 wendig des lntereſſe halben etwas thun / wenn mm
231 246 1245 317 nothwendig Gutes thun muͤſſe; dahero das Sprich⸗
231 304 1245 375 wortekommen; Nichts wieder nichts. o, ut
231 360 760 428 des; facio, ut facias
496 380 1009 491 Das 2 Capitet
322 475 1205 544 Von fuͤnfſ Marſten / welche uErhattung des .
535 529 933 591 Staats gehoren,
384 564 1246 650 nEingange dieſs Capuuls ſuget der Autot,
426 638 709 708 edie Poliſche
835 640 1246 705 eitnicht allein inEm⸗
349 696 1246 763 richtung des Staas /ſondern auch in deſſen
231 750 1246 818 Erhalerng beſtuͤnde. Daunenheto er von dieſen
231 806 1246 873 allhier handeln / von defſen Wachsthum aber m
231 860 1246 930 folgendes Capitul ſeine Lehrſatze verſparenwollem
236 917 1246 984 nfangs num / eheer zu den taxmen ſchretet t
231 972 1246 1040 die zu Erhaltung des Staats gehoren / ſetzet er erſt⸗
231 1028 1246 1096 lich dio 5. Veranlaſſungenwie ein Staat konne un⸗
231 1085 1246 1151 tergehen: enteer / durch die Vergehtung / welche
231 1136 1246 1206 die Unterthanen gegon ihre Oberherren tragen; in⸗
231 1193 1246 1260 dem ſie ſelbige zu der Regierung untuͤchtig halten:
231 1247 1246 1316 Oder durch den Haß / die ſie wider ſelbige hegen /
231 1301 1246 1376 wann ſie laſterhafft ſeynd: Oder durch den Un⸗
231 1355 1246 1425 gehorſam / wann ſie ſpuren / daß ſelbige ohnmaͤch⸗
231 1412 1246 1479 tig und ohne Autoritaͤt ſeynd: Oder durch die Un⸗
231 1467 1246 1534 eiigkeit / wann entweder die Großen des Reichs
231 1516 1246 1589 Factionen machen / oder das Volck einen Aufſtand
231 1578 1246 1646 wider ihren Fuͤrſten und Obrigkeit erhebet: Oder.
231 1633 1246 1705 wenn endlich ein Staat verwegentlich einen Krieg
231 1689 1246 1765 anhebet / dadurch er unter die Gewalt ſemes ſiegen⸗
231 1738 691 1806 den Feindes aeraͤth.
235 1793 1246 1869 Auf dieſe fuͤnf Veranlanungen zu einen Staats
231 1848 1246 1930 Untergang giebter zudeſſen Vermeidung fuͤnf Ma⸗
1042 1915 1246 1975 ximen
