1280 2085
272 48 1129 121 2 Politiſche Unterweiſung
649 109 730 149 m
270 145 1241 225 aͤndert worden / nnd hat man es genennet:
266 201 1241 302 Inſtructions politiques pour un
262 274 1241 372 Gentilhomme; Politiſche Unter⸗
258 349 1241 443 weiſung vor einen Edelmann / oder
255 426 1241 538 die Kunſt bey Hofe wohl ſortzu⸗
254 501 1241 602 kommen: Die Lehrſaͤtze darinnen zeigen /
254 580 1241 665 dnß der Autor in den Circuln des Hofes nicht
252 642 1241 725 unerfahren / ſondern ſelbige wohl durchgegan⸗
248 702 1241 788 gen / auch daß er die Warbet mcht verhalte;
245 765 1241 848 es waͤre dann / daß er zuwelen ſich die natuͤrliche
245 823 1241 909 Zuncieung und angebobrnen Affett gegen ſei⸗
243 877 1241 967 nen Koͤmg zu kleinen Ausſchweifſungen verlei⸗
239 946 1241 1030 ten lieſſe; welches doch dem Leſer nichts ſchaden
238 1006 1241 1092 kan / mdem ohne diß gewoͤhnlich / daß jeder
240 1062 1241 1153 Autor desenigen Potentaten / worunter er ge⸗
247 1129 1241 1215 bohren / ſeine Actiones als die allerbeſten
294 1187 1143 1286 aus eingepflantzter Ehrerbietung
465 1252 949 1333 heransſtreichet.
990 1824 1241 1894 Das
