2000 2505
881 25 1118 120 Regler
1163 33 1266 82 5

233 1071 341 1113 Wird
362 1073 418 1120 zur
439 1068 687 1124 Compoſition
702 1068 769 1121 deß
781 1074 934 1116 Vitriols
964 1086 1090 1114 Aurum
1097 1077 1250 1128 potabile
1262 1079 1311 1119 im
1324 1079 1435 1131 naſſen
1450 1078 1548 1130 Weg
1560 1091 1597 1128 zu
1606 1084 1713 1133 verfu⸗

228 1126 287 1186 vnd
303 1126 474 1178 Salpeters
490 1133 652 1174 genommen
677 1134 692 1168 /
702 1126 933 1178 Gradir-waſ⸗
1012 1127 1102 1173 chen
1085 1126 1103 1186 /
1113 1128 1153 1169 ob
1161 1137 1201 1170 es
1209 1134 1263 1171 ein
1279 1133 1412 1180 wahres
1425 1131 1714 1186 Philoſophiſches

1273 2184 1322 2235 0
1350 2185 1389 2234 ij
1593 2183 1714 2238 Berg⸗

196 112 349 182 Aphtha,
366 122 413 162 wie
425 124 460 163 es
472 112 577 182 curirt
594 122 674 163 wird.
886 126 974 180 557
1028 129 1405 185 Vncorroſiviſch.
1665 150 1732 190 50

192 171 321 236 Apoſtel
337 176 422 226 ſeynd
431 174 789 231 Philoſophi
648 171 850 236 geweſen.
874 192 976 232 4%
1005 183 1073 221 Per
1091 182 1140 223 ſal
1166 187 1338 238 mirabile.
1680 191 1729 228 ib.

190 222 415 277 Apoſtemata
424 228 728 282 zuvertreiben
880 241 965 284 55%
1004 262 1011 277 Oleũ
1120 233 1221 283 macht
1237 229 1337 295 ſtarck
1354 238 1390 280 vñ
1406 229 1512 295 geſund
1535 241 1659 295 Fletſch.
1675 250 1726 293 xy

191 272 500 371 Wochende
511 286 577 322 das
593 276 960 341 MenſtruumlIniver-
974 287 1161 389 N
1167 289 1210 343 ſal
1219 293 1326 343 bringt
1339 290 1498 345 ſolariſche
1520 285 1647 351 Kraͤuter
1660 299 1728 347 her⸗

258 328 318 392 ale.
591 351 725 390 .
861 350 946 390 24
998 338 1123 387 fur.
1377 363 1391 366 5
1678 353 1725 388 08

189 384 401 438 Appetit
350 379 409 443 zur
430 379 536 443 Speiſe
558 379 696 443 machen.
885 402 943 442 557
964 395 1281 447 Kutipigmentum,
1300 397 1366 449 daß
1381 406 1419 440 es
1432 400 1498 453 ſein
1513 399 1637 443 Silber
1656 364 1724 442 455

188 438 273 497 Aqua
301 440 387 478 Vitæ
399 438 761 493 Philoſophorum.
870 449 942 482 266
992 439 1098 505 Gold
1119 452 1167 487 von
1202 448 1258 499 ſich
1266 451 1350 498 gebe.
1654 457 1724 506 386

239 493 300 544 Iſt
309 495 356 533 die
373 490 500 551 hoͤchſte
516 491 638 534 Mediein
654 490 736 551 aller
752 490 983 551 Vegetabili.
1020 495 1229 550 Vexurſacht
1249 503 1438 550 unleidliche
1458 506 1634 551 vomitus,
1653 512 1722 547 vnd

240 554 293 586 en.
494 548 574 595 N
693 561 754 590 15
892 546 940 589 ib.
980 549 1116 602 ſtarcke
1141 546 1243 611 ſedes.
1429 580 1433 582 ö
1641 575 1719 611 497

238 597 366 648 Deſſen
383 594 502 647 Krafft
531 606 536 640 /
555 595 702 648 Tugend
721 603 789 641 vnd
818 597 944 651 Eigen⸗
968 612 1094 643 Aurum
1105 604 1258 656 potabile
1266 620 1397 648 verum.
1427 609 1717 665 259.
1523 602 1541 665 &
1557 609 1647 665 ſeqq.
1657 602 1717 665 560

217 650 363 703 ſchafft.
576 663 581 666 f
871 660 942 706 265
1021 654 1137 698 Seine
1154 657 1294 707 Geſtan.
1653 671 1719 716 265

209 716 215 722 Wie
329 703 417 744 mans
420 703 685 756 probiren
605 703 688 760 ſoll.
869 711 943 747 266
1018 706 1144 760 Deſſen
1153 710 1315 753 Mediein.
1647 731 1717 770 277

159 768 453 809 Fbeermanens.
851 770 943 808 324
1014 759 1292 813 Weiß
1131 759 1189 817 vnd
1203 759 1292 813 roth.
1643 783 1714 820 500

184 804 296 848 Arbeit
307 814 361 848 der
370 807 620 861 Amauſen.
808 814 937 865 384
1018 811 1202 868 Seine
1138 807 1195 873 Art
1215 820 1282 856 vnd
1298 813 1529 870 Eigenſchafft.
1650 828 1715 873 265

136 860 315 902 Dier
326 858 474 901 Weiber.
872 876 937 916 4
966 860 1068 919 Aurum
1088 867 1232 919 potabile
1261 878 1294 915 zu
1311 871 1469 918 probiren.
1614 880 1716 912 266

183 910 398 961 Arſenicum,
408 914 472 965 daß
487 920 525 955 es
537 912 603 965 ſein
620 913 746 957 Silber
757 916 827 956 vnd
840 912 936 958 Gold
1016 930 1110 971 Aqua
1117 919 1192 958 vitæ
1207 920 1507 974 Philoſophorum.
1640 932 1716 965 266

224 972 300 1017 von
310 965 366 1017 ſich
374 966 606 1016 gebe.
791 971 940 1021 385.388
1015 969 1191 1018 Gebrauch
1201 974 1255 1024 bey
1264 973 1484 1024 Mineralien.
1647 990 1714 1026 272

230 1013 282 1075 Ein
307 1019 427 1070 groſſes
447 1013 547 1075 Gifft.
858 1036 934 1075 497
995 1022 1192 1069 Gebrauch
1205 1028 1242 1065 in
1256 1026 1444 1065 Medicina.
1642 1044 1713 1084 277

229 1177 276 1226 ſer
285 1178 446 1227 darbey
415 1177 450 1233 zu
455 1178 603 1222 machen.
853 1194 931 1234 497
1010 1181 1187 1231 volatiliſch
1210 1186 1227 1231 O
1251 1182 1307 1232 ſey.
1648 1200 1711 1239 273

176 1228 348 1279 Artzneyen
357 1229 561 1279 Bereitung.
738 1234 929 1285 2343
968 1229 1020 1285 im
1069 1235 1239 1276 truckenen
1249 1234 1397 1284 Weg
1342 1229 1358 1285 /
1374 1229 1401 1285 ob
1405 1244 1445 1277 es
1457 1238 1506 1279 die
1521 1240 1711 1281 vnvolkom⸗

175 1280 238 1323 Art
246 1285 301 1321 der
309 1280 557 1324 Metallẽ
458 1280 476 1345 /
481 1280 551 1324 wird
564 1280 709 1335 vielerley
718 1283 927 1338 gefundẽ.
889 1280 959 1345 353
1012 1293 1106 1325 mene
1113 1285 1281 1328 Metallen
1297 1289 1453 1341 gradire.
1636 1299 1713 1345 274

227 1332 297 1390 Die
322 1372 482 1376 Vrſach.
879 1339 928 1387 ib.
1006 1336 1231 1388 Verbirget
1194 1332 1228 1393 in
1241 1339 1298 1391 ſich
1308 1345 1373 1382 das
1387 1341 1630 1390 Drachenblut.
1642 1348 1709 1393 289

175 1386 271 1426 Aſari
281 1387 442 1426 Radices.
627 1389 629 1392 5
741 1395 751 1408 5
865 1394 927 1443 318
954 1389 1254 1441 Außſatz
1097 1386 1124 1448 zu
1139 1389 1254 1441 heilen.
1389 1408 1395 1417 5
1514 1426 1521 1429 5
1650 1410 1713 1448 757

174 1438 347 1478 Aſelli.
873 1443 929 1494 40
960 1443 1064 1481 Aoth
1079 1444 1380 1498 Philoſophorum.
1636 1452 1713 1502 3¹6

172 1491 292 1537 Aſtra,
309 1492 403 1544 ſeynd
412 1503 457 1534 an
472 1489 582 1534 Statt
597 1492 654 1542 deß
674 1489 812 1544 Vatters
828 1497 836 1536 /
855 1501 960 1538 oder
1304 1497 1366 1544 B.
1759 1520 1763 1523 N

224 1544 417 1589 Saamens
434 1547 489 1596 bey
504 1548 565 1586 den
582 1544 763 1587 Metallen.
867 1553 936 1602 356
959 1544 1008 1606 B/
1006 1549 1109 1599 ſeine
1125 1547 1278 1602 Geſtalt.
1544 1568 1721 1606 /

173 1592 268 1657 Athem
288 1608 305 1640 /
320 1592 359 1657 der
374 1592 484 1657 ſtincket
504 1607 511 1642 /
526 1609 550 1645 zu
559 1598 738 1640 vertreiben.
870 1615 930 1654 141
958 1599 1120 1643 Backert.
1646 1621 1754 1660 359

221 1650 280 1708 Der
299 1650 405 1708 ſchwer
434 1650 717 1701 gehet
527 1650 543 1708 /
552 1650 579 1708 zu
594 1650 717 1701 helffen.
873 1667 929 1707 /
956 1650 1104 1711 Balneum
1119 1651 1285 1693 ſecretum
1306 1659 1454 1697 Autoris.
1648 1667 1755 1715 316

169 1700 389 1751 Angen
290 1700 310 1756 /
325 1700 380 1756 was
401 1706 500 1751 ihnen
512 1704 696 1750 dienlich.
867 1720 928 1760 57
1000 1704 1170 1757 Reiniget
1184 1708 1417 1762 Vegetabilia,
1433 1711 1623 1759 Animalia,
1641 1717 1711 1755 vnd

224 1754 310 1803 Felle
319 1761 388 1796 vnd
398 1754 554 1808 Fluͤſſe
524 1754 556 1813 zu
565 1756 761 1802 vertreiben.
877 1760 929 1803 ib.
1008 1761 1182 1801 Metallen.
1651 1778 1711 1818 317

221 1807 408 1860 Waſſer
371 1807 410 1869 zu
417 1811 562 1856 machen.
854 1826 926 1865 557
955 1810 1143 1861 Baſiliſcus.
1652 1821 1709 1870 318

169 1859 258 1896 Auri
273 1863 405 1900 Anima.
862 1877 925 1918 252
1005 1866 1196 1904 Mineralis.
1300 1867 1309 1877 0
1660 1871 1737 1913 ib

219 1908 368 1963 überauß
381 1913 581 1967 geiſtlich.
860 1925 927 1968 276
955 1914 1262 1969 Bauchgrimmen.
1647 1927 1709 1974 558

220 1953 314 2018 Solut
329 1964 367 2004 o.
863 1983 926 2021 5or
954 1968 1218 2023 Baumfruͤchte.
1502 1980 1712 2028 152.196.197

216 2018 283 2054 Per
290 2030 412 2069 aquam
422 2017 542 2075 Regis.
854 2030 928 2074 506
954 2020 1104 2067 Bauren
1112 2028 1165 2066 ein
1172 2020 1341 2071 nuͤtzliches
1355 2022 1545 2069 Stuͤcklein.
1554 2041 1620 2078 151.
1630 2032 1711 2076 196.

215 2062 270 2126 Iſt
291 2062 508 2126 corroſiviſch.
853 2088 924 2127 507
1163 2113 1168 2116 2803.
1334 2090 1491 2130 204.205.
1505 2084 1712 2132 206.215.216

213 2115 297 2178 Allen
319 2125 424 2174 dingen
440 2115 493 2178 ein
508 2115 611 2178 Gifft.
873 2128 933 2177 ib,
962 2122 1060 2184 Berge
1089 2137 1144 2173 von
1165 2131 1296 2172 lautern
1312 2130 1495 2184 Schwefel.
1648 2145 1713 2184 347
