2000 2271
427 235 513 276 Sceiß
536 234 581 275 af,
599 239 627 266 es
650 234 730 275 mouß
752 234 778 266 in
799 233 880 273 Haus
900 239 958 265 wos
981 232 1047 274 ſeyh.

427 308 446 324 ,,
456 287 529 319 Wos
550 284 719 318 Sacrament
741 284 799 325 fllt
820 284 877 324 euh
900 287 967 317 denn
989 283 1041 324 eih.

426 345 481 384 D
503 346 587 385 meih,
609 345 680 385 geiht
703 344 756 384 fort
776 349 828 378 und
850 346 898 385 laſt
920 344 975 385 mih
997 343 1073 384 geih,

425 425 444 440 ,,
454 403 524 435 Wer
548 401 622 435 wörd
643 404 709 433 denn
730 399 770 440 diz
790 410 841 433 von
860 401 934 433 Bect
956 400 990 441 af
1005 400 1078 441 ſteih.

425 461 468 494 Es
491 461 551 502 hilft
574 459 641 499 ſunſt
665 459 706 496 nix
726 462 760 490 du
782 458 865 496 mouſt
886 457 954 498 gleih
978 462 1059 494 raus,

425 518 469 551 Es
491 519 535 558 iß,
556 517 626 550 Gott
648 518 714 556 ſtraf
728 517 798 557 mih!
820 522 877 547 wos
898 516 924 547 in
946 514 1038 556 Haus.

425 574 492 615 Deiz
515 572 611 614 {ldift
632 576 675 605 der
696 573 831 612 g'ſ{wind
851 574 876 605 in
896 570 1049 610 Ueberro,

425 631 485 664 Und
507 630 596 670 nehmt
617 631 667 669 ſein
690 631 783 664 Sabel
804 634 856 663 und
877 630 931 670 ſein
949 628 1045 663 Stock.

426 687 485 720 Und
507 687 545 726 diz
566 686 621 724 ſens
644 690 716 717 unc’n
737 686 771 725 ah
792 685 937 723 derwacht
926 686 941 729 -

427 745 493 777 Nau
517 744 579 783 haut
601 749 671 775 mers
693 745 774 774 denen
795 743 828 781 ah
849 741 983 781 g'{wind
1004 739 1097 780 gſagt.

427 801 493 840 Oeiz
517 803 581 841 haut
603 810 658 832 mer
678 801 810 839 g’ſchwind
832 811 848 832 a
869 799 947 838 Licht
970 798 1094 839 ohzúnde,

429 864 498 895 Will
520 862 577 900 ſcha
599 860 653 900 diza
674 866 731 890 wos
753 869 807 890 mer
828 860 896 898 find.

429 918 490 950 Der
510 916 652 956 Hausherr
672 916 736 956 haut
760 916 810 954 ſein
831 916 924 949 Sabel
943 914 1067 954 braucht
1056 914 1069 959 ,

429 977 491 1008 Mit
512 979 560 1004 den
582 983 608 1005 er
628 973 663 1012 ſh
685 974 711 1004 in
734 972 819 1011 Krdig
841 972 908 1011 hauc
927 975 1054 1009 g’waugt.

430 1029 489 1061 Und
509 1030 567 1060 weil
588 1030 627 1061 die
649 1028 847 1067 Frauazimmer
867 1035 944 1065 gern,

430 1088 506 1125 Doch
529 1086 652 1126 z'váderſt
672 1087 739 1125 gleihß
760 1085 807 1123 bey
828 1087 889 1116 all’a
909 1083 1012 1123 wär'n,

428 1146 486 1178 Die
506 1143 626 1183 Jungfer
647 1143 710 1182 haut
732 1142 844 1174 d’Latern
865 1141 968 1181 kröôigt
956 1141 971 1186 „

428 1200 486 1231 Und
506 1201 578 1239 jeder
593 1197 664 1237 Herr
687 1206 702 1228 a
722 1197 844 1229 brennets
863 1196 953 1236 Liche.

428 1254 480 1291 Su
501 1252 599 1292 gânges
621 1252 674 1293 diza
696 1262 755 1284 rum
776 1253 803 1284 in
823 1252 922 1291 Haus,

427 1315 488 1348 Und
509 1314 605 1352 ſouh’n
627 1317 671 1345 alli
692 1315 794 1346 Winkl
815 1319 875 1345 aus.

428 1370 472 1403 Es
493 1372 519 1410 iß
539 1371 595 1410 hale
617 1369 675 1400 ober
695 1369 755 1408 doh
777 1379 821 1401 am
843 1369 907 1402 End

428 1429 485 1465 Nix
509 1430 560 1458 dau
581 1426 684 1465 g’'weſt,
705 1426 755 1457 dôs
776 1434 831 1457 mer
853 1426 932 1464 fanga
950 1423 1035 1457 könne.

429 1485 504 1517 Wos
524 1483 614 1523 Teuf'l
632 1484 713 1522 mouß
733 1482 782 1514 dós
804 1481 884 1521 Ding
903 1484 968 1514 denn
990 1479 1056 1520 ſeyh

430 1538 496 1577 Oeiz
515 1536 613 1576 gänges
634 1548 660 1570 mn
682 1541 722 1572 die
742 1539 850 1572 Stub'n
871 1538 948 1578 neißh,
1015 1549 1052 1563 =

431 1597 490 1629 Und
511 1596 608 1636 b'ſinna
631 1596 667 1635 ſh
689 1596 727 1626 die
749 1595 834 1634 Creuz
856 1597 907 1626 und
928 1592 1025 1632 Quár,

431 1655 508 1687 Wou
528 1657 594 1686 denn
614 1652 663 1686 dôgs
684 1651 763 1692 Ding
783 1653 811 1692 iß
831 1651 937 1686 kumma
953 1651 1006 1692 her.
