1205 1750
116 183 119 187 5
265 190 267 192 O
343 174 448 216 lieber
466 173 597 214 Kindt
614 174 644 223 je
653 172 771 220 herter
779 170 913 220 ſtraff
942 173 945 176 /

200 228 357 269 Ein
358 222 485 277 ſprich
495 222 567 277 wort
595 228 633 265 in
644 227 705 263 der
715 223 829 263 welte.
843 222 929 263 An

111 283 113 287 i
268 282 348 320 mir
365 275 540 322 RR
556 274 658 315 Gott
668 277 750 313 dein
761 273 908 313 willenn

278 327 423 377 ſehaff
423 324 445 377 /
485 337 519 365 Im
537 334 624 371 zorn
635 324 733 367 mich
742 334 793 372 ya
803 324 912 370 nicht

101 382 239 431 ſchelte
240 373 251 431 .
250 379 485 422 Wiewol
427 373 477 431 ich
496 376 564 415 viel
580 373 792 424 geſůndiget
809 375 909 419 han
889 373 909 431 /

101 432 183 480 Fur
195 432 252 467 dir
265 429 384 476 Err
392 430 494 470 Gott
502 425 641 477 alleine
630 424 647 480 /
648 424 733 474 Jch
744 425 814 462 bitt
823 424 909 470 dieh

101 480 218 526 durch
230 484 313 531 dein
323 481 435 517 lieben
448 479 540 516 Son
551 481 564 518 /
581 477 650 514 Du
660 473 766 526 woͤlſt
776 475 910 517 verzei⸗

101 534 173 579 hen
183 530 278 569 mein
289 528 490 580 miſsthun
481 523 504 580 /
501 527 595 568 Von
605 524 743 576 ſůnden
761 523 908 573 waſchẽ

81 591 224 633 reyne.
566 594 568 596 i
887 608 889 611 d

112 629 356 682 Hu
365 629 447 675 ichs
464 626 603 667 anders
615 627 668 667 im
691 626 829 674 hertzen
847 632 911 674 ge⸗

104 682 242 724 meint
230 678 250 727 /
264 679 336 720 Als
345 683 462 719 meine
478 687 576 718 wort
591 687 661 727 ytzt
677 678 817 725 lauten.
838 678 908 716 So

104 726 225 783 ſtraff
240 732 325 779 mich
335 728 452 775 Err
461 729 577 774 durch
588 728 676 774 dieſe
685 726 909 777 feynd
804 726 826 783 /
842 726 909 777 Mit

107 787 229 826 deiner
239 778 422 833 ſcharffen
432 779 567 821 ruthen
585 783 599 818 /
625 777 693 816 Du
702 777 802 824 weiſt
813 776 910 817 mein

104 837 200 882 hertz
209 843 296 874 was
305 830 416 881 darin
426 827 546 877 ſteckt
546 827 568 882 /
583 829 662 873 Dazu
682 828 728 868 all
738 828 834 868 mein
845 835 953 876 ges

102 884 284 926 dancken
267 878 287 928 /
292 882 361 923 Du
370 879 470 928 weiſt
480 882 555 919 das
565 878 660 926 ſichs
671 878 775 923 nicht
785 880 910 917 weiter

103 934 246 986 ſtreckt
238 927 256 986 /
253 933 369 972 Mein
380 932 471 974 hertz
480 929 615 968 drumb
624 930 681 969 nie
690 927 764 976 ſich
774 928 845 970 hat
854 935 912 968 er⸗

61 982 524 1040 ſchreckt
273 976 285 1040 /
303 976 363 1040 Von
387 982 524 1040 deinem
535 981 655 1019 Wort
665 979 733 1019 mit
748 976 914 1019 wancks.

109 1080 340 1131 Fd
330 1076 404 1131 hab
414 1080 470 1120 ich
507 1079 602 1124 doch
613 1077 730 1122 allzeit
746 1076 918 1126 geſucht
897 1076 918 1131 /

81 1133 207 1175 Mit
224 1133 295 1173 alle
306 1134 400 1171 mein
417 1132 686 1171 vorwandten.
711 1128 791 1166 Der
801 1128 915 1178 Anti⸗

104 1184 216 1232 chriſt
224 1185 295 1225 hat
306 1183 402 1228 mich
412 1182 486 1232 offt
497 1178 832 1229 verflucht
688 1177 704 1232 /
724 1178 820 1229 Durch
841 1177 927 1225 ſieh

99 1240 185 1288 vnd
193 1233 263 1282 ſein
274 1232 484 1282 geſandten.
511 1231 590 1270 Der
605 1231 628 1277 h
650 1228 701 1288 Err
729 1228 798 1273 hat
813 1228 913 1274 mich

105 1287 205 1331 ſtets
217 1286 291 1326 wol
316 1284 461 1323 bewart
486 1288 501 1323 /
525 1280 718 1327 Erhalten
744 1278 809 1326 bey
827 1278 911 1326 ſeim

108 1341 282 1379 worte
229 1327 244 1379 /
259 1327 289 1379 er
291 1336 376 1374 wirt
383 1344 428 1377 es
442 1332 540 1376 auch
552 1331 650 1376 thun
660 1339 702 1374 zu
713 1328 821 1377 dieſer
830 1327 944 1376 fart

111 1384 235 1433 Mein
245 1388 338 1431 hertz
346 1382 528 1428 verhuͤten
537 1380 599 1430 fur
609 1380 780 1426 vnarth
773 1379 795 1433 /
789 1379 912 1418 Vnnd

104 1434 381 1489 vnſehůldigem
400 1433 560 1483 morthe.

97 1507 147 1527 5
300 1445 324 1487 5
579 1480 671 1531 A]
789 1476 914 1527 eich
