1198 1751
88 176 255 237 Der
274 126 438 243 Niij.
451 160 666 243 Palm
687 138 716 242 /
726 136 947 233 Vſque

162 260 238 307 quo
249 248 415 290 Domine
425 242 645 300 obliuiſceris
662 250 718 280 me
728 241 766 278 in
775 236 898 286 finem.

303 449 428 488 Deins
459 442 592 487 Antlitz
610 445 704 486 zier
709 436 719 488 /
736 436 1011 483 verbirgſtun

181 335 359 396 Ach
368 322 488 394 HErr
498 341 566 389 wie
575 336 857 388 lang
674 331 696 393 /
711 336 856 388 machſtu
867 335 940 376 mir

133 352 503 510 Mb
514 394 608 430 mein
617 392 655 439 ſo
664 397 735 440 gar
754 387 941 437 vergeſſen

150 479 224 518 N

305 487 357 541 mir
379 505 391 539 /
395 492 589 541 verſuchen
600 494 731 538 macht
747 487 945 537 vermeſſen

70 547 261 588 Mein
270 547 332 595 ſeel
343 551 421 596 vnd
430 545 514 586 leib
503 540 525 596 /
526 550 612 581 mus
623 550 757 590 tragen
768 540 946 581 leidt
855 540 877 596 /
892 540 946 581 da⸗

138 608 217 638 von
235 597 409 648 bekůmpt
424 598 486 633 der
503 593 655 643 Feyndt
673 591 778 641 groſs
800 589 946 640 freudt
926 589 946 648 /

139 650 234 690 Das
242 648 330 709 thut
342 645 439 704 mich
450 641 579 698 hefftig
598 641 776 698 krencken.

151 725 176 766 5
200 746 360 794 Schaw
369 733 464 790 doch
473 743 530 782 die
538 740 732 790 not
610 729 622 794 /
633 740 732 790 erhoͤr
742 716 842 790 mich
850 740 953 785 Got
983 772 985 774 /

148 795 271 838 Mein
282 803 403 845 augen
415 794 485 841 thu
493 792 716 836 erleuchten
700 790 722 845 /
724 790 817 832 Das
827 791 872 839 ſie
883 794 1005 832 mie

146 850 251 894 icht
236 840 258 895 /
267 846 321 888 im
338 847 424 888 todt
440 840 600 895 ſehlaffn
615 841 957 893 nicht
724 840 741 895 /
761 840 820 895 Den
835 841 957 893 feindt

147 896 261 938 wuͤrd
270 909 310 936 es
320 906 389 946 gut
399 896 568 942 deuchtẽ
561 893 578 946 /
577 895 724 938 Dauon
734 903 771 931 er
779 894 828 943 jm
838 893 958 939 dieſen

130 950 259 995 rhum
270 957 352 986 nem
364 952 380 987 /
399 947 491 986 Wie
511 955 549 983 er
566 944 665 990 mich
674 944 754 990 hett
763 944 959 992 gemachet

110 1048 119 1051 zem
219 1001 242 1047 /
246 997 345 1044 nach
354 998 404 1046 jm
415 994 512 1044 muͤſt
521 993 580 1042 ich
599 995 699 1045 mich
715 991 960 1033 lencken.

250 1093 336 1146 Ich
346 1088 427 1148 hoff
447 1093 529 1134 aber
539 1070 620 1148 doch
639 1095 650 1142 /
671 1070 738 1148 dein
747 1093 815 1145 gůt
823 1094 964 1142 wehret

137 1147 270 1195 noch
258 1144 278 1195 /
285 1144 405 1185 Mein
416 1146 508 1191 hertz
517 1144 627 1192 frewt
636 1144 710 1194 ſich
718 1148 824 1185 deins
833 1146 965 1193 heiles
991 1159 1012 1188 /

117 1198 264 1256 Dich
274 1196 374 1235 Gott
386 1196 483 1234 mein
495 1195 699 1243 Herrn
612 1195 631 1247 /
645 1195 698 1243 wil
709 1195 766 1239 ich
776 1195 866 1241 ſtets
874 1198 966 1237 ehrn

160 1245 293 1295 Erlsſt
317 1246 383 1304 bin
399 1247 458 1291 ieh
479 1248 550 1285 des
564 1243 683 1295 ſeyles.
712 1247 809 1285 Von
827 1249 969 1285 deinem

160 1299 257 1348 troſt
264 1295 409 1345 ſing
359 1295 416 1348 ich
420 1303 531 1344 gantz
540 1296 633 1345 frey
633 1295 655 1348 /
644 1297 735 1335 Das
747 1299 816 1335 mir
825 1300 968 1335 widder

159 1345 346 1441 ellen
360 1346 531 1396 ſey
426 1345 441 1401 /
461 1345 511 1401 Von
542 1349 598 1386 dir
610 1347 672 1388 wil
679 1346 745 1395 ich
755 1345 859 1396 nicht
869 1355 977 1388 wen⸗ð

203 1410 265 1444 60
411 1428 415 1436 0
536 1416 539 1423 a
