2000 2784
304 127 382 194 Es
394 128 639 202 beſchreibet
657 132 764 203 aueh
777 130 1051 198 Vietruvius
1062 132 1140 183 lib.
1161 145 1230 181 10.
1240 144 1343 192 cap.
1356 141 1412 182 iʒ·
1420 127 1481 178 de
1493 125 1827 178 Architectura

164 209 251 261 das
259 207 617 275 Inſtrument
548 195 571 275 /
592 195 637 275 ſo
627 217 736 258 mon
754 200 1094 264 Hydraulicum
1104 210 1292 255 nennet
1274 195 1297 275 /
1304 201 1397 253 vnd
1406 208 1517 253 vom
1524 195 1734 248 Cteſibio
1753 196 1819 261 ſol

163 278 376 343 erfunden
387 277 592 342 ſeyn
488 267 511 343 /
531 267 597 343 wie
602 270 780 323 Plinius
792 271 1018 326 lib.
890 267 912 343 .
925 267 955 343 e.
968 267 1027 343 3.
1029 272 1214 319 Ramus
1224 268 1503 322 lib.
1312 267 1342 343 i.
1363 268 1503 322 Schol.
1572 267 1803 319 Mathemar.

163 350 410 395 Turnebus
437 360 469 395 1.
510 341 757 400 Advexſar.
781 337 870 405 auß
892 338 1097 402 welchem
1123 341 1239 409 ohne
1262 336 1445 406 zweiffel
1467 336 1655 406 hernach
1680 335 1811 401 vnſer

160 414 316 482 Orgel
335 412 627 480 entſprungen
641 403 706 473 iſt.
1016 409 1021 415 ö

244 587 247 590 Die
362 557 743 627 Beſaͤyteten
754 557 1048 628 Inſtrument
1060 555 1315 621 anlangend
1328 569 1350 613 /
1366 558 1418 624 iſt
1436 559 1502 613 die
1517 557 1651 625 Leyre
1665 559 1716 611 in
1735 562 1807 622 ge

160 631 207 750 5
230 630 260 682 5
271 630 390 681 eines
404 628 639 697 Schlitten
658 634 780 694 (wie
800 632 983 685 Coelius
1003 627 1309 688 Rhodiginus
1320 629 1396 675 lib.
1421 643 1459 691 g.
1469 645 1568 693 cap.
1582 638 1621 675 6.
1637 631 1808 693 Antiq.

185 700 295 748 ect.
326 701 396 769 auß
423 694 513 769 dem
568 705 795 752 Ammonio
811 701 1095 748 Marcellino
1103 696 1317 760 bezeuget)
1328 694 1629 752 formixet,
1578 694 1641 769 die
1642 694 1808 759 Saͤyt⸗

159 778 230 823 ten
251 773 304 824 im
317 771 494 840 anfang
506 783 596 824 von
608 759 749 840 leynen
770 768 912 834 Faͤden
933 782 946 821 /
948 768 1133 836 hernach
1142 766 1244 819 aber
1256 776 1343 818 aus
1353 759 1573 819 Daͤrmen
1585 766 1810 829 gemacher

161 842 364 907 geweſen.
383 846 496 891 Scal.
525 845 604 890 lib.
625 858 658 895 1.
695 858 774 904 cap.
802 849 865 907 48.
880 840 1012 888 Poët.
1171 833 1253 889 An
1263 838 1338 888 der
1348 830 1465 903 Zahl
1486 842 1575 885 nur
1592 835 1810 887 vier
1686 830 1707 907 /
1727 835 1810 887 ent⸗

160 899 296 979 weder
317 913 413 975 nach
437 916 509 963 der
519 909 634 979 Zahl
654 915 726 962 der
738 913 829 962 vier
845 907 1055 964 Element
1071 915 1095 964 /
1116 909 1222 960 oder
1244 909 1335 959 vier
1352 902 1506 973 Zeiten
1527 906 1604 956 des
1629 899 1811 967 Jahrs:

161 971 273 1048 Oder
298 988 370 1033 der
397 971 554 1048 vierden
576 971 659 1048 zahl
695 983 738 1042 zu
794 983 922 1048 Ehren
900 971 922 1048 /
933 980 1083 1041 welche
1106 990 1185 1032 von
1205 981 1277 1028 der
1290 971 1695 1039 Pyrhagoricis
1623 971 1702 1048 fuͤr
1715 972 1811 1025 eine

162 1053 315 1117 heilige
327 1048 447 1119 Zahl
465 1054 514 1116 iſt
532 1052 732 1117 gehalten
753 1050 1110 1118 worden
935 1043 956 1119 /
977 1050 1096 1118 dabey
1122 1049 1180 1117 ſie
1193 1048 1298 1112 auch
1318 1043 1807 1112 geſchworen
1600 1043 1621 1119 /
1642 1043 1712 1119 wie
1733 1043 1807 1119 Py⸗

158 1122 437 1186 thagoras
388 1120 438 1186 in
451 1135 597 1168 aurco
608 1125 792 1168 camine
805 1120 1028 1184 bezeuget⸗

308 1249 649 1326 Niall.
482 1243 559 1347 Mat
577 1243 643 1347 ſoy
671 1243 700 1347 ci
704 1251 893 1346 ccc
944 1246 1039 1347 N
1134 1251 1475 1343 αεεehl
1396 1243 1472 1347 re
1502 1243 1805 1337 rerg

308 1348 524 1434 Laa
539 1349 745 1438 dcevclov
769 1361 818 1437 c
823 1349 1005 1423 eo,
1021 1369 1112 1416 vnd
1124 1365 1202 1430 bey
1212 1367 1312 1415 dem
1331 1361 1595 1412 Macrobio,
1610 1360 1670 1407 A.
1687 1351 1802 1407 Gel-

158 1444 244 1499 lio,
267 1445 395 1494 Suida
412 1447 509 1496 vnd
522 1451 695 1499 andern
704 1443 1024 1516 weitleufftiger
1042 1439 1263 1508 zuerſehen
1274 1439 1349 1506 iſt:

330 1616 471 1664 D.der
501 1598 587 1649 den
605 1591 807 1657 Mus
757 1579 804 1664 zu
820 1594 1093 1663 ehren
950 1579 974 1664 /
989 1594 1093 1663 derer
1105 1594 1169 1646 im
1179 1588 1354 1652 anfang
1369 1596 1457 1638 nur
1474 1584 1567 1638 vier
1589 1579 1721 1646 ſollen
1733 1589 1806 1644 ge⸗

157 1662 293 1727 weſen
305 1662 437 1733 ſeyn:
504 1662 645 1719 Oder
659 1664 768 1728 nach
781 1669 854 1716 der
870 1657 989 1731 Zahl
1006 1667 1080 1716 der
1105 1653 1210 1733 vier
1231 1660 1534 1704 Numerorum
1544 1651 1806 1701 Harmon

157 1746 328 1782 corum
351 1731 783 1797 proportionalium
803 1735 1213 1796 Pythagoreorum
1250 1742 1282 1773 1.
1324 1741 1363 1773 2.
1391 1737 1435 1787 3.
1468 1740 1522 1792 4.
1549 1719 1810 1778 Darinnen

99 1802 238 1846 alle
251 1805 325 1848 der
334 1802 453 1854 alten
464 1801 825 1855 Conſonantiæ,
842 1798 916 1866 alß
922 1798 1179 1852 Vniſonus,
1191 1801 1384 1862 Quarta,
1398 1797 1594 1857 Quinta,
1606 1791 1806 1841 Octava,

161 1864 946 1933 Duodecima
475 1859 561 1934 vnd
589 1864 937 1933 Decimaquinta
957 1867 1255 1934 begriffen.
1345 1863 1422 1916 Es
1434 1866 1511 1926 hat
1530 1861 1634 1910 aber
1654 1859 1720 1905 die
1739 1867 1810 1905 er⸗

162 1922 216 2004 ſte
240 1922 301 2004 vnd
332 1930 436 1989 letzte
448 1928 613 1994 Saͤyte
638 1922 723 2004 eine
758 1922 961 2004 Octavam
1093 1933 1195 1984 Die
1208 1930 1417 1990 mitelſten
1436 1930 1568 1989 deyde
1581 1922 1806 1973 vnterein.

162 2012 305 2060 ander
325 2005 450 2058 einen
466 1999 665 2046 Lonum,
714 2007 851 2060 gegen
851 1994 922 2063 die
942 1997 1178 2059 euſſerſten
1195 1995 1298 2044 aber
1323 1994 1414 2044 eine
1440 1996 1675 2063 Quartam
1704 1998 1814 2046 oder

163 2078 397 2143 Quintam
414 2067 671 2140 geklungen
649 2063 670 2143 /
698 2067 761 2117 wie
782 2070 859 2118 aus
871 2060 1015 2128 dieſen
1044 2065 1227 2111 numetis
1242 2064 1545 2117 Harmonicis
1581 2075 1622 2114 6.
1640 2075 1727 2119 8.9.
1742 2080 1810 2111 12.

113 2144 339 2219 klaͤrlich
351 2144 598 2215 zuerſehen.
682 2130 756 2223 Es
779 2135 845 2203 iſt
846 2137 960 2214 aber
971 2132 1076 2271 5
1087 2135 1158 2271 9
1279 2138 1341 2192 im
1353 2137 1528 2207 anfang
1539 2136 1629 2206 ſahr
1641 2134 1818 2200 ſchlecht
