2463 2578
805 462 876 507 De
905 460 1058 517 Latio,
1090 475 1168 507 non
1199 461 1339 509 Latio.

532 636 673 669 eminem
704 635 742 667 ad
763 634 977 669 eruditionem
1007 634 1138 668 ſolidam
1161 634 1224 669 ſine
1244 636 1420 670 litterarum
1434 636 1670 681 elegantiorum

550 697 667 735 ſtudio,
686 694 751 728 hoc
771 696 833 737 eſt,
861 693 925 729 ſine
954 704 1095 729 accurata
1123 695 1250 738 linguae
1278 696 1391 730 latinae
1421 704 1513 739 atque
1542 708 1675 740 graecae

555 756 741 799 cognitions
761 755 812 788 vel
827 754 979 798 adſpirare
996 756 1046 788 vel
1061 757 1130 789 viri
1146 754 1228 788 docti
1248 767 1354 790 nomen
1375 757 1442 799 jure
1465 758 1545 788 tueri
1571 756 1673 799 poſſe,

411 818 464 860 qui
480 828 554 850 cum
568 814 831 859 prudentiſſimis,
846 823 986 857 quorum
1005 813 1083 847 haec
1098 824 1158 847 vna
1173 816 1322 848 omnium
1338 814 1596 857 conſentiensque
1604 826 1673 848 vox

414 878 472 916 eſt,
503 884 538 909 et
560 877 639 909 olim
666 876 854 915 ſtatuerunt,
876 882 908 908 et
932 885 1018 906 nunc
1039 874 1080 906 ita
1104 872 1309 913 arbitrantur,
1324 885 1340 906 a
1356 872 1445 907 recto
1463 875 1598 909 veritatis
1613 883 1674 908 tra-

412 939 491 970 mite
513 945 566 968 aut
586 947 718 979 parum,
735 943 786 966 aut
800 933 879 967 nihit
894 933 1041 966 abludere
1059 932 1152 966 nobis
1172 933 1329 965 videntur.

500 995 577 1028 Hoc
592 996 679 1028 enim
694 994 853 1038 politioris
869 992 1071 1026 humanitatis
1087 992 1240 1033 ſtudium,
1263 991 1350 1034 quod
1371 991 1548 1025 vniuerſum
1572 993 1675 1027 erudi-

412 1057 508 1090 tionis
526 1055 683 1087 ambitum
705 1051 946 1097 complectitur,
968 1053 1181 1094 omniumque
1202 1052 1404 1084 ſcientiarum
1424 1051 1562 1091 orbem,
1576 1064 1675 1086 omne

414 1117 495 1149 vitae
526 1125 625 1158 genus
652 1113 802 1147 oimnnium
824 1112 1000 1146 hominum
1017 1112 1067 1144 vel
1088 1111 1179 1143 facris
1204 1110 1429 1155 operantium,
1452 1112 1501 1144 vel
1517 1110 1676 1146 Themidi

414 1176 594 1215 litantium,
613 1174 664 1207 vel
688 1173 908 1211 medicorum,
922 1170 1254 1214 Philoſophorumque
1275 1170 1403 1202 ordines
1425 1171 1565 1213 attingit,
1592 1174 1677 1215 opti-

416 1246 548 1269 morum
562 1232 721 1266 auictorum
739 1230 866 1265 lectioue
882 1232 1010 1271 nititur,
1035 1231 1089 1274 qui
1102 1230 1209 1263 omnis
1225 1232 1415 1262 litteraturae
1432 1229 1555 1271 fontes,
1570 1233 1679 1265 omnis

413 1295 582 1340 ſapientiae
597 1293 754 1327 humanae
775 1291 1020 1335 prudentiaeque
1035 1291 1140 1324 ciuilis
1154 1290 1293 1334 magiſtri
1308 1287 1474 1323 habentur.

504 1354 556 1388 Ex
570 1355 617 1388 his
633 1350 773 1387 fontibus
788 1359 866 1396 quot
884 1350 1063 1385 commoda
1080 1361 1148 1383 non
1163 1351 1195 1382 in
1216 1349 1450 1393 rempublicam
1466 1350 1567 1393 magis
1582 1351 1681 1384 ecele-

419 1415 575 1457 ſiamque,
597 1425 692 1457 quem
710 1415 742 1446 in
764 1415 979 1455 jauentutem,
1001 1411 1031 1443 in
1046 1409 1164 1442 ſcholis
1185 1409 1225 1442 ſic
1242 1408 1334 1442 dictis
1354 1409 1468 1442 latinis
1489 1409 1680 1454 florentem,

420 1476 459 1509 de
474 1474 586 1519 quibus
602 1477 663 1518 jam
681 1473 771 1506 nobis
786 1473 891 1506 ſermo
906 1472 964 1510 eſt,
990 1470 1181 1509 redundant,
1204 1477 1337 1511 quantae
1354 1469 1519 1503 vtilitates!

506 1533 583 1566 Nou
598 1535 688 1567 enim
701 1532 741 1564 ad
755 1532 785 1564 id
803 1539 926 1563 tantum
942 1530 1140 1568 conducunt,
1162 1537 1195 1561 vt
1208 1527 1375 1560 Romanae
1386 1528 1511 1570 linguae
1527 1529 1685 1571 indolem,

423 1594 609 1635 dicendique
628 1600 718 1634 atque
734 1590 886 1622 ſeribendi
904 1590 996 1622 latine
1014 1587 1195 1621 facultatem
1211 1587 1326 1619 exinde
1338 1587 1470 1619 addiſcat
1484 1587 1582 1630 pubes
1596 1589 1689 1623 ſcho-

425 1654 544 1694 laſtica;
567 1651 618 1685 ſed
640 1652 737 1693 longe
759 1652 863 1692 plures
886 1659 1001 1682 eorum
1023 1645 1120 1680 lectio
1141 1645 1236 1679 habet
1256 1645 1336 1680 vſus.
1407 1645 1580 1680 Dictorum
1596 1648 1634 1681 ab
1647 1650 1686 1682 iis

424 1712 548 1747 ſenſum
570 1711 710 1744 eruendo
731 1711 833 1743 aciem
856 1709 1068 1741 meditationis
1093 1707 1245 1744 intendit,
1267 1706 1540 1750 attentionemque
1560 1707 1615 1741 ſibi
1635 1720 1690 1743 ac-

424 1776 539 1818 quirit,
559 1783 639 1816 quae
657 1771 831 1803 ſtudiorum
856 1769 963 1801 anima
984 1766 1134 1800 habetur:
1152 1766 1299 1798 acumina
1320 1765 1453 1797 illorum
1475 1765 1532 1800 ſub
1552 1778 1689 1801 exanien

424 1833 607 1868 reuocando
625 1832 715 1865 ſuum
731 1829 823 1874 ipſius
846 1829 1011 1873 ingenium
1034 1827 1136 1866 acuit,
1159 1825 1327 1858 ſententias
1350 1825 1480 1858 illorum
1512 1829 1690 1862 memoriae

416 1895 578 1929 tradendo
597 1894 662 1924 vim
690 1891 867 1924 memoriae
887 1886 1076 1923 corroborat
1104 1894 1196 1929 atque
1222 1892 1333 1927 auget,
1356 1885 1566 1929 animumque
1582 1888 1690 1931 ipſum

427 1952 637 1988 laluberrimis
658 1952 834 1995 praeceptis
856 1948 989 1988 imbuit,
1015 1945 1205 1991 excerpendi
1220 1944 1356 1977 ſtudium
1378 1954 1570 1988 promouet,
1593 1948 1690 1981 ratio-

426 2024 568 2055 nemque
582 2011 754 2044 ſtudiorum
771 2008 890 2042 redtam
905 2008 960 2045 ſeu
975 2006 1166 2043 methodum
1182 2005 1320 2046 addiſcit,
1327 2015 1388 2049 qua
1403 2004 1567 2040 defieiente
1580 2007 1692 2050 juuen-

426 2083 476 2109 tus
498 2081 611 2115 aquam
628 2068 734 2102 cribro
752 2068 864 2101 haurit.

514 2131 623 2170 Adde,
637 2128 723 2172 quod
738 2126 899 2161 erectioris
915 2126 1031 2159 indolis
1047 2125 1279 2165 adoleſcentes,
1292 2125 1345 2169 qui
1361 2124 1491 2168 ingenio
1506 2124 1693 2169 dicendique

429 2204 545 2238 genere
560 2191 709 2233 Horatii,
734 2186 880 2235 Virgilii,
899 2186 1025 2229 Ouidii,
1045 2186 1155 2226 Liuii,
1176 2184 1331 2230 ipſiusque
1350 2185 1506 2223 Ciceronis
1527 2192 1693 2225 tenentur,

1058 2246 1090 2281 A
1105 2254 1126 2279 2
1630 2243 1692 2286 mi:
