1789 2353
275 149 1339 233 Ego igitur quæ optim eſſe rebar partim nune uos ad
275 199 1340 283 monui, partim omni uitæ tẽpore admonebo. Vos autẽ
275 249 1340 323 cum tria ſint morborum genera utinam ne uos ci ſimi
275 303 1340 378 les preſtetis. quod inſanabile eſt. neu ita mente ægro⸗
275 345 1340 426 tetis ut pleriq; loltnt. corpore ægrotare. Ham hn qui
275 397 1340 478 parua ualitudine aguntur. ipſi ꝓticiſcuntur ad medi /
275 448 1340 524 cos. Qui uero grauiori morbo premũtur. ad ſe curan/
275 494 1340 566 tes accerſunt. At hii qui in atrã bilem inſanabiliter trã⸗
275 547 1340 615 ſuecti ſunt. ne uenientes quidem medicos recipiunt-
280 593 1340 675 Quod uos non patiamini nũc recta cõſilia aſpnantes⸗
635 649 871 702 FINJ.
358 682 1340 769 lmpreſſum hoſthochii, Anno dñi. M.D. XV.
1149 1575 1206 1638 ,
