1783 2349
495 187 1564 252 tes. ſcire etiam. ſi ſit opus cõtemnere. Quæ igit᷑ ea ſint
495 239 1564 302 & quemadmoaum iſe ernatur id Iã uohis aperia hinc
495 288 884 342 ſumens imitium.
495 328 1561 395 Ca. I. que ad æternam uitam conſequendam cõ /
522 383 1520 442 ferũt. ea lola qrenda eſſe. ac ĩ bonis nũeranda.
706 433 1564 490 Os quidem o fili hanc umanam uitam
698 481 1564 534 nihil Ommno eſſe arbitramur. nec bonũ
542 525 1564 590 N quicꝗᷓ exiſtimãdum cenſemus neq appel
708 577 1564 639 landum quod utiltatẽ uobis hucuſq, ſu
495 624 1564 688 ppeditet. non itaq; digitaten. non amplitudinem ma
495 676 1564 736 iorum. non COrporis uies. non formam. no magnitu
495 721 1564 778 dinem. non a cunctis hominibus habitos. onores. nõ
495 774 1564 834 ipſum imperium non quicquid dici poteſt in hac uta
495 822 1564 886 excellens, ſed longius noſtræ procedunt ſpes. & ad al/
495 868 1564 929 terius uite præparationem cuncta molimur. Que igit
495 915 1564 973 ad hãc uitaã cõferũt ea nos totis uiribꝰ optanda querẽ
495 964 1564 1027 daq; eſſe arbitramur. quæ uero illuc uſq; peruenire ne⸗
495 1014 1337 1087 queunt ut nullius momenti deſpicienda.
543 1056 1509 1125 Ca. II. Quantum inter æternam & præſentẽ
579 1114 966 1167 uitam inttrſit.
695 1155 1564 1219 uæ nã tamen iſta ſit. & quo pacto illa ui
704 1204 1564 1266 uatur id tane oſtendere plus negocu eſſ
539 1253 1564 1324 O et quam nos in preſentia ſuſceperimus.
706 1304 1564 1365 maiores etiã auditores quam ipſi nunc
495 1352 1564 1417 eſtis ad percipiendum requirit. Hoc ſolum cum dixe /
495 1405 1564 1463 ro fatis abunde uobis dixiſſe putabo. i quis omnem
495 1450 1564 1514 poſt creatos homines fœlicitatem mente  oncipiat. ſi /
495 1497 1564 1559 mulq, in unam congerat uniuerſam. ne paruam qui/
495 1543 1564 1607 dem partem illorum bonoꝶ adæquare cõperiet. ed
495 1592 1564 1652 ab illiu uitæ bono omnia humana ſimul collecta ma /
495 1643 1564 1706 is abeſſe. quam umbram & ſomnium a ueri rehus.
495 1691 1564 1751 Inmo uero ut pro priori utar ſ militudine. quantum ĩ
495 1740 1564 1805 omni re precioſior eſt anima quam cOrpus. tanta utri
495 1790 1000 1850 uſq; uitæ differentia eſt..
500 1833 1552 1901 Ca. III. prino poetis oratoribus aliſq; ſcriptori /
546 1889 1525 1955 us probatis. deide uero ſaeræ diſciplinæ qus
