2319 3928
555 258 626 301 und
643 259 807 308 irrungen
825 259 862 302 in
875 260 955 303 dem

66 351 139 385 Jabr
156 356 184 379 C.
213 349 278 374 mit
285 352 318 374 er
326 338 492 384 gewieſen
482 336 497 386 /
501 346 565 370 wie
579 340 633 386 der
646 336 761 380 glaube
769 338 843 372 dem
854 348 948 386 men⸗

67 383 125 418 viß
137 393 188 418 cc.
214 386 304 423 ſchen
313 392 404 428 eigen
412 382 458 423 ſey
470 390 480 413 /
489 381 564 414 weil
573 390 607 414 er
616 386 720 423 ſeinen
734 381 805 421 ſinn
823 382 886 422 hat.
898 384 949 423 (f)

69 426 189 455 Edenbild
217 429 373 462 Gleichwie
390 425 423 463 ſie
439 424 510 458 auch
525 433 584 458 von
597 428 663 458 dem
675 425 842 459 ebenbilde
857 428 945 469 Got⸗

67 463 177 494 Gottes.
214 480 286 506 tes
273 463 287 511 /
301 471 376 510 nicht
396 471 468 501 nach
482 473 535 501 den
555 468 677 510 hernach
695 468 849 510 folgenden
862 468 946 511 ſaͤtzen

214 516 345 555 lehreten
333 512 346 555 /
353 514 401 546 als
411 521 446 545 da
461 512 493 551 ſie
511 515 559 544 die
571 524 662 545 worte:
672 513 769 554 laſſet
777 523 844 546 uns
856 524 948 548 einen

210 556 373 602 menſchen
395 558 509 590 machen
538 557 623 602 nach
636 556 766 595 unſerm
779 557 864 591 bilde
879 562 948 592 und

212 600 390 646 gleichheit
394 598 409 646 /
421 601 503 633 allein
514 598 570 640 auf
579 599 750 640 CHriſtum
764 605 866 634 deuten
866 598 880 646 /
886 606 944 636 und

210 644 298 683 dabey
312 643 427 684 lehren:
461 646 536 676 Vor
549 647 624 675 dem
644 644 706 684 fall
721 644 767 685 ſey
785 654 877 683 zwar
891 649 946 679 der

210 689 335 728 menſch
353 688 507 721 GOttes
533 687 605 721 bild
628 696 797 732 genennet
818 696 829 722 /
865 690 945 722 aber

208 732 299 766 nicht
316 730 386 772 alſo
409 730 563 770 erwieſen
584 733 725 765 worden
747 741 760 764 /
783 731 862 765 weil
888 736 946 766 der

206 776 319 817 Sohn
334 775 487 809 Gottes
501 775 585 812 noch
599 775 694 809 nicht
714 775 845 817 menſch
859 786 941 810 wor⸗

206 821 277 854 den
303 821 363 861 (g)
394 822 473 851 Item,
492 822 538 853 der
557 818 684 859 menſch
704 819 752 860 ſey
768 821 862 857 nicht
877 830 949 855 von

207 864 320 899 Gott
344 862 575 897 vollkommen
593 861 774 904 erſchaffen
801 868 948 898 worden.

206 908 258 948 ch)
276 908 344 942 Der
354 904 546 952 Schoͤpffer
554 908 684 946 habe
650 904 688 952 in
705 909 754 940 dem
758 908 945 948 menſchen

203 960 316 985 etwas
333 949 558 991 ausgelaſſen
551 949 569 991 /
571 951 713 985 welches
721 952 867 990 hernach
877 954 944 986 das

205 1004 299 1029 wort
306 993 377 1029 voll
386 993 499 1034 fuͤhret
515 993 617 1036 haͤtte.
638 996 669 1033 ()
685 993 716 1036 Ja
732 1002 742 1027 /
762 993 813 1036 der
815 995 943 1036 menſch

203 1040 250 1079 ſey
263 1048 331 1072 von
345 1039 479 1080 anfang
495 1042 603 1071 weder
617 1038 768 1079 ſterblich
786 1040 872 1077 noch
888 1050 944 1073 un⸗

203 1082 355 1123 ſterblich
377 1082 570 1126 gemachet:
586 1092 675 1126 jenes
689 1082 803 1117 nicht
793 1082 807 1126 /
819 1082 898 1116 weil
912 1095 945 1117 er

203 1126 291 1166 ſonſt
306 1129 417 1159 Gert
432 1125 521 1158 waͤre
537 1130 678 1160 worden
705 1136 712 1158 :
737 1126 853 1167 Dieſes
865 1128 943 1161 weil

206 1171 296 1211 ſonſt
307 1172 403 1204 Gott
419 1181 456 1202 ein
480 1174 615 1214 urſprung
639 1171 741 1214 ſeines
761 1171 840 1214 todes
860 1171 945 1214 haͤt⸗

210 1223 245 1247 te
255 1212 374 1255 heiſſen
395 1210 535 1247 koͤnnen.
558 1213 609 1253 (Kk

248 1260 290 1292 (v)
309 1259 413 1291 Juſtinus
428 1259 534 1290 Apol.
510 1256 541 1293 II.
552 1267 572 1291 p.
587 1266 626 1286 3.
662 1256 703 1289 (Y)
722 1258 756 1282 Id.
771 1260 837 1287 Dial.
854 1269 876 1293 p.
891 1269 941 1288 225.

281 1296 320 1327 00
347 1293 406 1317 Ibid.
420 1303 433 1326 p.
451 1302 494 1321 323.
531 1292 573 1326 (2)
594 1294 661 1318 Idem
677 1295 864 1328 Apol.
761 1292 787 1328 II.
797 1295 864 1328 p.62.
904 1301 939 1324 (a)

278 1330 417 1360 Dial.
354 1328 381 1360 p.
390 1328 434 1360 27.
457 1328 499 1359 (b)
519 1332 578 1353 Iren.
588 1331 620 1354 IIl.
644 1339 663 1354 c.
680 1328 728 1360 22.
749 1331 787 1360 (c)
810 1332 889 1356 Ibid.
880 1328 898 1360 c.
909 1341 931 1359 19

281 1366 321 1397 (d)
345 1365 492 1399 Auguſtin.
507 1366 544 1388 lib.
539 1365 557 1399 I.
562 1366 602 1388 adv.
627 1365 710 1399 Julian.
728 1367 800 1399 Pelag.
817 1377 836 1391 c.
851 1378 868 1391 2.
906 1374 938 1398 le)

279 1404 341 1426 Iren.
358 1403 396 1426 IV.
413 1409 432 1424 c.
447 1409 481 1427 32.
521 1401 571 1433 (f)
589 1401 650 1424 Ibid.
692 1403 729 1434 (g)
747 1404 812 1425 Idem
827 1404 866 1426 lib.
881 1406 905 1427 V.
917 1414 935 1435 p.

276 1444 328 1468 549.
362 1438 415 1465 (h)
438 1436 505 1460 Idem
518 1437 556 1459 IV.
568 1445 588 1460 c.
605 1444 641 1466 73.
662 1436 708 1468 (i)
730 1438 798 1461 Idem
811 1440 835 1461 V.
846 1448 867 1471 p.
884 1444 936 1469 548.

274 1472 314 1503 (K)
339 1471 443 1504 Theopgh.
461 1472 492 1495 lib.
511 1472 534 1495 II.

253 1517 298 1547 17.
323 1507 412 1542 Nach
409 1507 466 1549 der
469 1507 688 1542 wiedergeburt
701 1507 768 1542 aber
783 1507 937 1549 geſtunden

64 1548 182 1584 Haltung
205 1551 239 1591 ſie
253 1554 317 1584 dem
331 1549 474 1589 menſchen
488 1559 569 1586 gerne
584 1560 613 1584 zu
625 1559 632 1577 /
639 1549 695 1589 daß
711 1559 732 1584 er
751 1555 803 1586 die
817 1554 938 1595 gebote

65 1587 104 1614 der
114 1585 358 1629 Gebo
194 1585 209 1634 ⸗
222 1585 237 1634 G
251 1585 346 1629 Ottes
375 1593 490 1628 halten
507 1593 594 1626 koͤnne
609 1597 667 1627 und
679 1594 750 1634 ſolle.
794 1596 860 1629 Und
874 1605 936 1629 war

62 1624 85 1650 4
207 1637 294 1672 dieſes
307 1637 436 1677 vielmehr
452 1644 490 1669 der
515 1638 695 1674 unglaubigen
711 1637 855 1678 einwurff:
882 1641 925 1674 Eu

204 1692 239 1715 re
249 1684 366 1726 gebote
376 1684 421 1713 im
432 1681 629 1723 Evangelio
647 1685 716 1721 ſind
729 1682 761 1722 ſo
771 1683 855 1724 groß
868 1686 936 1717 und

204 1725 435 1759 wuͤnderbahr
447 1733 453 1750 /
464 1724 529 1763 daß
549 1728 612 1756 wir
625 1734 753 1758 meinen
750 1724 767 1763 /
781 1735 814 1757 es
832 1724 936 1760 koͤnne

203 1772 360 1803 niemand
371 1767 527 1807 dieſelben
536 1769 728 1802 bewahren.
747 1769 766 1804 ()
791 1771 841 1803 Die
855 1770 927 1807 Chri

204 1813 276 1855 ſten
289 1816 362 1845 aber
372 1812 615 1850 bekanten
535 1812 553 1855 /
565 1812 617 1855 daß
637 1817 690 1844 das
710 1820 787 1846 wort
803 1816 861 1847 des
871 1817 938 1848 Va⸗

205 1866 280 1892 ters
296 1866 385 1894 zwar
396 1860 445 1887 die
463 1855 534 1893 ſeele
548 1854 618 1895 frey
629 1863 640 1883 /
656 1858 725 1888 und
738 1856 841 1892 durch
857 1859 936 1898 dieſe

201 1900 286 1934 auch
298 1903 358 1932 den
369 1897 431 1930 leib
441 1897 624 1941 freywillig
634 1907 766 1942 reinige.
798 1900 936 1935 Dahero

202 1944 274 1976 auch
290 1946 344 1974 die
359 1942 465 1973 bande
481 1943 534 1971 der
548 1940 791 1983 knechtſchafft
803 1951 876 1985 weg
889 1953 937 1985 ge⸗

205 1987 295 2022 than
305 1983 402 2018 waͤrẽ.
417 1985 525 2017 Allein
535 1995 570 2017 es
579 1983 694 2017 waͤren
703 1988 753 2018 die
762 1985 872 2029 geſetze
883 1984 938 2019 der

205 2028 346 2072 freyheit
369 2038 437 2062 nun
454 2029 538 2072 auch
553 2037 669 2061 weiter
689 2031 915 2072 ausgedehnet

204 2126 281 2160 nige
302 2114 449 2155 erſtrecke
470 2114 530 2155 ſich
547 2117 663 2147 weiter
680 2123 685 2134 /
701 2118 811 2148 damit
829 2116 937 2151 keiner

202 2157 320 2197 zurůch
333 2160 415 2202 gehe
432 2169 442 2187 /
459 2162 526 2191 und
540 2161 612 2191 dem
628 2183 631 2188 /
656 2158 711 2189 der
725 2159 786 2199 ihn
799 2158 866 2199 frey
880 2168 934 2204 ge⸗

203 2204 319 2236 macht
335 2205 398 2236 hat
406 2200 425 2244 /
440 2200 669 2244 unanſtaͤndig
690 2206 747 2242 ſey.
791 2202 932 2236 Deswe⸗

204 2256 253 2291 gen
276 2250 329 2278 der
366 2247 421 2286 Er
447 2255 488 2277 an
499 2246 793 2285 ſtatt
596 2246 650 2291 des
668 2246 793 2285 gebots:
804 2247 860 2280 Du
870 2248 934 2289 ſolt

203 2291 291 2324 nicht
311 2290 485 2322 ehebrechen
503 2298 504 2321 /
532 2289 616 2321 auch
632 2290 683 2320 dir
698 2288 769 2327 boͤſe
786 2289 849 2329 luſt
865 2301 932 2323 ver⸗

206 2076 274 2105 und
289 2075 340 2105 die
359 2072 653 2114 unterthaͤnigkeit
673 2079 772 2104 unter
792 2074 865 2106 dem
881 2072 953 2119 koͤ⸗

975 258 1103 302 andern
1117 255 1377 310 Jahrhundert.
1672 261 1712 306 89

979 429 1041 460 ben
1050 429 1083 461 in
1092 428 1184 468 ihren
1193 428 1319 466 hertzen
1329 425 1453 467 haben
1434 424 1452 468 /
1463 427 1514 460 die
1522 424 1642 467 heiſſen
1654 435 1718 461 mit

978 470 1070 504 recht
1081 480 1167 505 reine
1179 479 1187 499 /
1196 470 1360 514 geiſtliche
1374 471 1443 503 und
1472 470 1577 504 GOtt⸗
1585 471 1718 505 lebende

977 514 1158 556 menſchen.
1203 519 1277 549 Denn
1297 514 1350 555 ſie
1371 514 1460 557 haben
1479 516 1537 547 den
1553 514 1645 557 Geiſt
1661 519 1718 547 des

977 559 1112 593 Vaters
1117 557 1131 600 /
1139 560 1196 591 der
1212 562 1273 592 den
1285 557 1454 598 menſchen
1474 564 1614 600 reiniget
1623 557 1641 600 /
1647 563 1716 593 und

976 603 1036 637 ihn
1046 604 1082 635 in
1093 605 1158 635 das
1169 602 1261 635 leben
1271 605 1405 636 Gottes
1412 602 1555 637 erhebet.
1565 602 1641 635 Deñ
1650 613 1716 636 wie

978 650 1043 680 das
1054 646 1162 687 fleiſch
1176 647 1327 686 ſchwach
1341 646 1380 686 iſt
1386 646 1403 687 /
1412 646 1478 687 alſo
1489 646 1552 680 hat
1560 648 1644 679 auch
1659 652 1715 681 der

977 690 1101 733 willige
1113 689 1208 731 Geiſt
1217 699 1268 723 ein
1282 690 1430 731 zeugnuͤs
1444 699 1514 723 von
1523 690 1636 723 Gott
1648 701 1717 724 em⸗

978 733 1140 778 pfangen.
1185 737 1295 774 Dieſer
1310 734 1350 770 iſt
1366 733 1518 778 maͤchtig
1533 742 1570 770 zu
1590 734 1717 769 vollen⸗

977 781 1118 813 bringen
1134 786 1211 810 was
1230 788 1261 809 er
1280 778 1352 817 hat.
1375 781 1419 817 (r)
1440 779 1505 812 Und
1520 778 1607 811 hierin
1624 780 1717 813 bitten

977 823 1011 859 ſie
1026 818 1146 857 Gott
1132 818 1147 865 /
1161 825 1212 862 daß
1229 818 1271 865 ſie
1279 820 1381 854 durch
1393 822 1564 863 Chriſtum
1575 824 1717 865 bewah⸗

977 875 1028 900 ret
1036 865 1177 900 wůrden
1187 865 1244 906 biß
1252 874 1317 899 ans
1328 869 1417 910 ende
1409 865 1428 910 /
1430 869 1498 899 und
1505 874 1569 899 vor
1579 866 1650 901 ihm
1658 878 1718 901 un⸗

975 907 1142 952 ſtraͤfflich
1174 909 1313 943 bleiben.
1341 910 1400 947 ()
1439 911 1562 943 Damit
1583 911 1624 950 ſie
1644 913 1715 954 alſo

975 953 1182 998 warhafftig
1200 955 1266 987 das
1281 952 1509 996 Prieſterliche
1531 955 1715 996 geſchlecht

973 999 1084 1033 GOT
1092 999 1151 1033 TæE
1158 994 1181 1038 &
1225 998 1453 1032 vollkommen
1471 994 1589 1031 waͤren
1607 1001 1713 1038 durch

973 1043 1038 1075 den
1067 1052 1102 1076 in
1127 1043 1228 1085 ihnen
1251 1041 1464 1084 wohnenden
1486 1041 1584 1083 Geiſt
1603 1046 1718 1079 Gor⸗

974 1093 1038 1120 tes.
1062 1088 1108 1126 (t)

1055 1282 1210 1315 Ibid.
1129 1282 1154 1315 p.
1163 1282 1210 1315 344.
1262 1284 1296 1313 (lu)
1320 1285 1465 1314 Iren.
1389 1282 1410 1315 p.
1420 1285 1465 1314 3550.

1016 1335 1062 1368 18.
1081 1334 1164 1370 Von
1178 1332 1379 1370 demhoͤchſten
1393 1342 1463 1371 zweck
1486 1336 1532 1369 der
1545 1337 1698 1373 herwieder

968 1511 1050 1538 reden
1066 1531 1068 1534 /
1086 1510 1134 1539 als
1148 1514 1189 1539 die
1203 1517 1321 1542 vorigen
1339 1531 1340 1536 /
1370 1512 1417 1539 und
1435 1513 1498 1546 nach
1515 1512 1597 1544 ihnen
1609 1516 1702 1548 nahm

968 1553 1019 1594 die
1034 1555 1115 1586 gnade
1131 1559 1230 1583 immer
1246 1553 1320 1590 mehr
1333 1552 1369 1581 ab
1383 1565 1385 1569 /
1398 1560 1418 1583 je
1434 1554 1512 1584 mehr
1527 1562 1596 1587 man
1612 1565 1703 1590 anfin⸗

968 1601 995 1627 ge
1010 1594 1060 1626 ſich
1071 1596 1114 1626 der
1131 1596 1190 1626 welt
1201 1593 1424 1629 gleich
1295 1593 1322 1638 zu
1335 1593 1424 1629 ſtellen
1440 1593 1455 1638 /
1467 1599 1516 1627 oder
1538 1606 1583 1632 zum
1594 1608 1686 1638 wenig

969 1635 1024 1673 ſten
1037 1644 1090 1668 mit
1109 1635 1203 1676 hoffart
1233 1646 1236 1653 /
1251 1636 1426 1682 zanckſucht
1418 1635 1433 1682 /
1446 1641 1502 1670 neid
1519 1648 1553 1672 und
1585 1646 1700 1676 derglei⸗

968 1681 1032 1712 chen
1042 1679 1176 1713 GOttes
1187 1679 1269 1716 krafft
1284 1690 1313 1721 zu
1327 1679 1456 1712 hindern.
1502 1682 1593 1716 Doch
1609 1687 1703 1720 erkan—

968 1729 1014 1755 ten
1028 1721 1061 1761 ſie
1076 1728 1147 1760 noch
1171 1721 1185 1765 /
1187 1724 1255 1765 daß
1267 1728 1316 1757 die
1331 1723 1499 1762 menſchen
1516 1728 1581 1760 das
1593 1738 1702 1765 einige

967 1764 1085 1804 ſuchen
1095 1770 1162 1800 und
1171 1770 1294 1801 wieder
1303 1767 1460 1810 erlangen
1469 1767 1597 1806 muͤſten
1611 1783 1631 1805 /
1636 1766 1705 1807 was

968 1809 1006 1849 ſie
1017 1818 1117 1846 zuvor
1130 1811 1307 1845 verlohren
1319 1812 1459 1853 gehabt
1445 1809 1464 1856 /
1477 1822 1515 1845 und
1541 1814 1598 1847 ihre
1628 1816 1702 1856 ſeele

967 1860 1031 1885 mit
1042 1855 1114 1886 dem
1128 1855 1168 1893 S.
1188 1854 1275 1894 Geiſt
1290 1854 1529 1899 verknuͤpffen
1521 1854 1539 1900 /
1542 1862 1610 1890 und
1630 1861 1699 1900 alſo

966 1895 1034 1936 ihre
1054 1900 1274 1939 vereinigung
1292 1905 1355 1930 mit
1379 1899 1494 1942 Get
1519 1900 1703 1947 ſorgfaͤlrig

967 1938 1132 1982 erlangen.
1155 1946 1205 1970 ()
1229 1941 1343 1974 Gott
1356 1940 1461 1981 muͤſte
1480 1943 1651 1988 anfangen
1665 1956 1701 1979 in

967 1991 1011 2014 uns
1035 1991 1067 2019 zu
1073 1982 1275 2023 erſcheinen
1287 1986 1473 2017 und
1362 1982 1397 2024 in
1413 1986 1469 2017 uns
1486 1993 1524 2021 zu
1535 1992 1697 2024 wohnen
1677 1982 1697 2024 /

967 2027 1031 2057 das
1051 2026 1136 2064 hertz
1160 2024 1263 2067 muͤſte
1282 2037 1335 2058 ein
1349 2029 1471 2068 tempel
1492 2031 1550 2063 des
1566 2031 1699 2070 HErrn

967 2069 1047 2108 ſeyn.
1072 2071 1135 2108 (y)
1162 2072 1229 2103 Aus
1243 2069 1359 2102 welcher
1378 2079 1563 2107 vereinigung
1582 2074 1614 2112 ſie
1630 2077 1697 2109 dieſe

967 2112 1177 2151 gemeinſchafft
1198 2122 1250 2145 mit
1265 2113 1362 2146 GOtt
1379 2111 1508 2150 erfuhren
1526 2124 1531 2137 /
1550 2122 1646 2151 davon
1660 2130 1694 2152 ſie

965 2160 1021 2187 alſo
1035 2163 1165 2188 redeten:
1181 2159 1262 2191 Wir
1273 2156 1458 2199 verlangen
1478 2170 1529 2192 ein
1549 2159 1694 2197 ſtaͤtiges

964 2208 1072 2232 reines
1090 2200 1183 2243 leben
1202 2209 1207 2232 /
1230 2203 1299 2233 und
1318 2202 1483 2244 begehren
1506 2212 1569 2236 mit
1580 2197 1695 2240 Gott

963 2243 1037 2273 dem
1050 2242 1238 2291 Schoͤpffer
1263 2247 1333 2277 und
1355 2247 1467 2280 Vater
1488 2246 1572 2279 aller
1593 2251 1695 2286 dinge

964 2288 1167 2328 umzugehen
1179 2296 1184 2309 /
1199 2289 1268 2320 und
1283 2296 1322 2325 zu
1337 2289 1524 2323 leben
1433 2286 1454 2333 /
1467 2289 1521 2323 und
1536 2286 1678 2333 glauben

63 2336 176 2368 Kennzei⸗
206 2335 306 2367 boten
322 2333 405 2365 habe
410 2330 427 2368 /
452 2330 509 2368 (und
524 2330 585 2364 alſo
598 2333 660 2364 alle
671 2333 762 2366 gebote
783 2339 932 2368 erweitert)

62 2376 117 2421 chen
138 2378 173 2402 der
205 2381 292 2412 denn
307 2377 337 2416 ſo
354 2377 438 2407 habe
455 2386 487 2407 er
505 2379 569 2408 das
593 2374 686 2416 geſetz
712 2375 845 2417 erfuͤllet
864 2383 933 2413 und

61 2413 175 2445 Ehriſten.
205 2421 434 2455 ausgerichtet.
465 2430 497 2446 (m)
548 2420 611 2452 Und
625 2419 930 2459 dieſes
718 2413 768 2459 ſey
781 2413 831 2459 das
844 2419 930 2459 kenn⸗

201 2457 326 2503 zeichen
340 2466 376 2494 de
475 2472 541 2495 hren
556 2461 708 2499 Chriſten
707 2457 721 2503 /
738 2468 782 2495 daß
797 2462 836 2497 ſie
846 2464 927 2498 Chri⸗

200 2509 240 2548 ſto
262 2507 453 2548 gehorcheten.
521 2508 607 2539 Wer
630 2506 703 2537 nicht
764 2507 808 2540 alſo
824 2509 921 2541 leber,

197 2562 245 2584 wie
265 2561 301 2583 er
314 2551 462 2593 gelehret
475 2548 537 2588 hat
539 2547 553 2593 /
566 2547 917 2588 ſchrieben
710 2547 751 2593 ſie
764 2547 792 2593 an
805 2547 850 2593 die
863 2547 917 2593 Hey

197 2598 250 2627 den
259 2591 273 2636 /
277 2598 388 2626 davon
402 2591 463 2632 iſts
477 2601 526 2624 ein
541 2591 688 2634 gewiſſer
703 2594 847 2635 beweiß
829 2591 847 2636 /
860 2599 914 2636 da

196 2648 230 2671 er
246 2639 317 2671 kein
331 2637 460 2672 Chriſte
476 2634 523 2674 ſey
538 2655 543 2664 /
569 2636 611 2668 ob
628 2645 659 2666 er
674 2636 777 2678 gleich
792 2640 858 2671 mit
873 2642 928 2671 der

197 2689 325 2719 zungen
335 2683 384 2712 die
398 2679 483 2712 lehre
492 2678 626 2719 Cchriſti
636 2679 818 2713 bekennete.
830 2682 926 2716 Denn

199 2733 226 2755 er
243 2725 376 2764 ſpricht
371 2721 390 2766 /
391 2724 457 2763 daß
482 2723 560 2754 nicht
574 2721 619 2766 die
633 2721 707 2766 ſelig
725 2721 835 2766 wuͤrden
853 2735 858 2757 /
879 2729 928 2758 die

200 2777 232 2799 es
252 2778 304 2800 nur
320 2768 519 2799 bekenneten
524 2765 540 2805 /
551 2765 688 2805 ſondern
704 2770 754 2799 die
763 2769 847 2801 auch
857 2769 927 2803 ihre

201 2809 390 2842 bekantnůs
411 2818 475 2841 mit
490 2813 551 2841 den
568 2808 713 2842 wercken
731 2809 930 2854 bekraͤfftig⸗

203 2859 269 2885 ten.
290 2859 338 2892 (n)
377 2853 447 2885 Drum
452 2850 690 2891 beſchrieben
644 2849 685 2895 ſie
701 2853 752 2892 ſich
762 2856 832 2895 auch
846 2849 928 2890 ſelber

403 2472 456 2482 Wa

380 2474 394 2493 r
405 2464 468 2494 wal

708 2513 758 2524 *

708 2525 758 2538 1

921 2581 943 2602 2

918 2603 943 2621 5

204 2894 256 2927 als
264 2898 426 2936 menſchen
429 2894 443 2938 /
455 2899 531 2929 deren
535 2897 827 2938 gantzes
693 2894 781 2938 leben
793 2894 833 2938 zu
837 2902 930 2932 Gott

204 2936 257 2969 als
270 2948 352 2973 einer
367 2939 453 2981 regel
467 2941 534 2972 und
552 2939 755 2977 richtſchnur
765 2941 929 2983 gerichtet

205 2983 288 3012 wird
298 2991 305 3011 /
313 2985 421 3015 damit
439 2993 481 3014 ein
496 2985 581 3026 jeder
593 2982 655 3022 ſich
671 2992 733 3017 vor
747 2986 818 3019 ihm
831 2995 924 3019 unta⸗

201 3021 301 3057 delich
314 3032 380 3059 und
397 3025 590 3065 unſtraͤflich
605 3033 731 3067 erwieſe
742 3035 751 3062 /
762 3030 829 3061 und
845 3028 929 3061 auch

203 3065 295 3099 nicht
311 3071 374 3101 mit
389 3069 573 3114 gedancken
587 3065 634 3117 die
646 3072 813 3117 geringſte
831 3070 927 3111 ſůnde

203 3108 322 3150 begehe.
349 3113 395 3150 (o)
417 3114 481 3147 Und
492 3115 543 3145 alſo
558 3112 738 3153 befleiſſigten
748 3115 780 3154 ſie
789 3114 841 3151 ſich
855 3124 926 3148 einer

57 3161 160 3191 Reinig
167 3155 181 3198 /
202 3161 311 3198 reinen
329 3161 396 3186 und
422 3164 485 3189 mit
510 3155 688 3197 Heiligkeit
709 3159 927 3192 verwahrten

58 3198 104 3239 keit
117 3204 192 3241 Hei.
203 3196 276 3235 ſeele
293 3216 301 3226 /
301 3195 344 3227 als
353 3198 470 3233 welche
479 3199 594 3233 GOtt
602 3198 721 3233 alleine
730 3201 870 3241 fordere;
894 3204 926 3241 (p

57 3234 139 3283 ligkeit
153 3236 194 3261 des
205 3240 272 3271 Und
282 3247 370 3271 eines
382 3234 499 3283 ſolchen
525 3234 658 3283 wandels
677 3252 732 3276 mit
751 3234 830 3283 Gott
853 3248 925 3278 dar⸗

56 3271 143 3298 lebens.
201 3291 302 3317 innen
319 3282 429 3316 nichts
441 3281 533 3322 boͤſes
551 3283 702 3328 geſpůret
716 3289 834 3320 werde.
858 3290 923 3329 (q)

198 3325 697 3370 Welche
347 3325 410 3371 nun
428 3325 509 3371 GOtt
527 3325 671 3370 fuͤrchten
684 3325 698 3371 /
714 3330 793 3371 hieſſe
807 3340 836 3365 es
846 3325 860 3371 /
859 3336 926 3368 und

963 2329 1028 2369 daß
1054 2333 1154 2371 dieſes
1176 2340 1245 2365 von
1263 2330 1368 2364 denen
1387 2334 1542 2376 erlanget
1566 2340 1674 2369 werde
1691 2344 1695 2353 /

963 2372 1084 2418 welche
1098 2384 1134 2408 in
1147 2378 1202 2407 der
1214 2375 1296 2407 that
1323 2377 1342 2408 G
1344 2377 1422 2409 Ott
1438 2377 1595 2417 beweiſen
1603 2372 1617 2420 /
1625 2381 1693 2420 daß

962 2417 999 2454 ſie
1012 2417 1083 2449 ihm
1097 2417 1223 2463 folgen
1223 2417 1238 2464 /
1252 2420 1319 2451 und
1331 2421 1440 2458 ſeinen
1461 2419 1615 2464 umgang
1628 2423 1693 2456 lieb

960 2460 1070 2493 haben
1082 2474 1087 2482 /
1099 2470 1235 2496 worinn
1251 2462 1338 2494 keine
1353 2466 1491 2505 widrige
1507 2458 1644 2503 boßheit
1653 2478 1691 2505 ʒu

962 2501 1046 2540 finden
1075 2503 1131 2543 iſt.
1150 2515 1197 2537 (2)
1216 2507 1279 2539 Und
1293 2506 1409 2544 hieraus
1424 2516 1504 2547 zogen
1521 2514 1549 2539 ſie
1564 2514 1605 2540 die
1618 2511 1678 2543 herr

959 2544 1070 2582 lichſten
1084 2546 1192 2584 fruͤchte
1208 2553 1254 2581 der
1268 2550 1348 2581 ruhe
1364 2551 1453 2583 ihres
1467 2553 1610 2588 hertzens
1630 2559 1680 2588 und
1697 2557 1753 2585 Rube
1781 2564 1808 2590 in

1342 2593 1522 2628 Welche
1478 2593 1508 2630 in
1525 2593 1573 2630 der
1593 2596 1668 2629 lehre
1692 2595 1801 2625 Sbriſto.

959 2594 1008 2621 des
1023 2592 1121 2623 lebens
1138 2601 1164 2623 in
1176 2590 1318 2631 Chriſto:

958 2633 1093 2675 CHriſti
1114 2637 1177 2674 ſich
1194 2635 1282 2669 uͤben
1302 2644 1307 2669 /
1329 2638 1433 2670 denen
1449 2637 1687 2678 wiederfaͤhret

957 2678 1005 2708 die
1021 2677 1278 2721 allerlieblichſte
1299 2681 1380 2711 ruhe
1407 2686 1418 2712 /
1448 2682 1517 2712 und
1539 2690 1607 2716 wer
1622 2686 1687 2718 den

958 2719 1081 2763 Coriſt
1093 2723 1243 2756 Gottes
1263 2724 1413 2755 erkennet
1429 2738 1436 2748 /
1453 2726 1508 2755 der
1524 2730 1610 2760 wird
1626 2737 1684 2765 zur

958 2763 1257 2799 vollkommenheit
1270 2765 1437 2805 gefuͤhret
1430 2763 1450 2810 /
1453 2768 1521 2799 und
1534 2770 1687 2810 erlanget

959 2809 1008 2852 die
1020 2808 1170 2850 ſeligkeit.
1214 2826 1244 2846 (a)
1276 2810 1441 2847 Deswegen
1459 2808 1556 2844 ſagten
1575 2813 1609 2848 ſie
1629 2807 1688 2848 von

958 2853 1032 2887 ſich:
1048 2851 1162 2884 GGtt
1176 2855 1318 2885 wohnet
1336 2854 1542 2897 warhafftig
1557 2867 1591 2889 in
1606 2867 1683 2889 uns

957 2894 1124 2935 gleichwie
1137 2898 1199 2928 das
1215 2903 1308 2929 wort
1322 2893 1422 2935 ſeines
1437 2898 1606 2933 glaubens
1605 2893 1624 2935 /
1630 2903 1688 2933 der

959 2936 1075 2977 beruff
1088 2938 1186 2977 ſeiner
1202 2938 1411 2983 verheiſſung
1438 2936 1445 2939 /
1446 2938 1509 2973 die
1531 2943 1687 2982 weißheit

958 2980 1054 3018 ſeiner
1067 2983 1172 3014 rechte
1188 2990 1198 3014 /
1213 2984 1262 3015 die
1275 2986 1397 3025 gebote
1418 2983 1514 3023 ſeiner
1528 2985 1629 3020 lehre
1620 2980 1635 3025 /
1654 2997 1685 3025 ja

960 3033 991 3055 er
1006 3022 1099 3065 ſelbſt
1113 3025 1283 3069 weiſſaget
1296 3037 1329 3059 in
1344 3038 1421 3061 uns
1409 3022 1429 3069 /
1437 3038 1468 3059 er
1484 3029 1574 3069 ſelbſt
1587 3034 1685 3064 woh⸗

960 3075 1015 3099 net
1031 3076 1065 3099 in
1094 3078 1182 3101 uns
1168 3073 1186 3115 /
1212 3073 1262 3115 die
1279 3080 1339 3103 wir
1354 3081 1398 3103 im
1419 3074 1495 3103 rode
1517 3073 1686 3115 gefangen

958 3110 1083 3153 lagen
1077 3110 1099 3153 /
1120 3114 1190 3145 und
1210 3115 1292 3146 thut
1307 3112 1387 3152 auff
1412 3117 1462 3146 die
1486 3114 1607 3149 thuͤren
1626 3122 1682 3150 des

957 3155 1098 3197 tempels
1112 3155 1162 3192 u.
1147 3155 1165 3197 ſ.
1175 3155 1193 3196 f.
1241 3158 1266 3185 (b)
1294 3159 1359 3190 Und
1377 3166 1433 3189 von
1451 3156 1554 3192 ſolchen
1573 3162 1669 3193 leugne

955 3207 1001 3232 ten
1016 3199 1050 3239 ſie
1072 3202 1148 3232 nicht
1184 3199 1201 3241 /
1210 3200 1276 3240 daß
1295 3205 1346 3231 dis
1365 3199 1465 3241 krafft
1487 3208 1545 3234 des
1569 3213 1681 3236 worts

955 3243 1132 3285 (CHriſtt)
1158 3243 1198 3283 ſie
1223 3241 1418 3279 unſterblich
1438 3249 1507 3277 und
1532 3256 1565 3278 zu
1586 3246 1680 3279 Goͤt⸗
1700 3244 1801 3277 Vergöͤt⸗

1271 3288 1338 3319 Der
1361 3290 1486 3325 menſch
1508 3288 1606 3329 muͤſſe
1627 3300 1673 3321 zur
1688 3288 1774 3319 terung

1195 3292 1245 3314 6

954 3296 1027 3319 tern
1049 3289 1172 3319 mache.

949 3329 1214 3367 unſterblichkeit
1241 3332 1360 3364 wieder
1376 3331 1528 3366 kommen
1548 3346 1555 3363 /
1581 3338 1623 3364 da
1645 3343 1671 3363 er

1187 3371 1219 3389 W
1613 3378 1618 3383 8

1175 3383 1205 3394 2
1588 3382 1666 3409 Got

1246 3380 1258 3389 8

1180 3393 1217 3405 1
1247 3391 1257 3406 237

979 348 1024 373 an
1041 341 1091 373 die
1107 336 1260 380 zukunfft
1279 337 1387 378 ſeines
1405 338 1526 378 ſohnes
1547 338 1714 382 glauben
1698 336 1717 384 /
1729 346 1797 384 Jahr
1812 352 1844 377 o.

979 384 1049 417 und
1070 386 1131 416 den
1150 382 1232 426 geiſt
1243 382 1397 416 GOttes
1414 382 1518 417 durch
1532 384 1595 415 den
1619 384 1716 426 glau⸗
1727 388 1764 416 biß
1783 389 1837 415 C.

971 1380 1116 1418 bringung
1137 1391 1144 1410 /
1187 1380 1308 1412 nemlich
1333 1380 1380 1410 der
1402 1388 1622 1426 vereinigung
1644 1393 1705 1416 mit
1724 1389 1834 1419 Vereini⸗

969 1423 1084 1454 Gott
1097 1425 1166 1455 und
1180 1423 1316 1463 Chriſto
1331 1427 1424 1458 finden
1434 1432 1486 1454 wir
1501 1426 1692 1463 ſchon
1589 1423 1635 1463 die
1713 1433 1780 1461 Leh⸗gung
1790 1433 1839 1457 mit

969 1472 1008 1495 rer
1025 1467 1099 1496 nicht
1122 1466 1200 1496 mehr
1219 1469 1246 1502 ſo
1265 1466 1478 1502 nachdruͤcklich
1497 1475 1554 1499 und
1572 1467 1702 1511 bruͤnſtig
1713 1462 1805 1494 Ott.

1181 3715 1317 3759 Herzog
1330 3717 1465 3759 August
1483 3718 1674 3752 Bibliothek
1689 3720 1931 3755 Wolfenbüttel

1530 3783 1750 3820 Lodal

1181 3823 1182 3836 1
1280 3822 1281 3836 1
1380 3830 1381 3834 1
1637 3824 1676 3842 Gray
1687 3824 1733 3839 Scale

1010 1138 1046 1171 (Y
1064 1139 1338 1170 Juſtinus
1182 1136 1245 1175 Dial.
1256 1136 1281 1175 p.
1291 1136 1355 1175 227.
1383 1136 1428 1167 (m)
1452 1138 1546 1162 Iren.
1523 1136 1555 1175 Il.
1566 1147 1585 1165 c.
1601 1136 1645 1175 37.
1669 1140 1712 1175 (a)

1059 1174 1135 1205 Juſtin.
1156 1174 1222 1206 Ap.
1209 1174 1228 1210 II
1243 1184 1264 1206 p.
1274 1178 1312 1206 63.
1351 1174 1378 1205 (o)
1410 1175 1578 1208 Athenagor.
1572 1174 1594 1210 p.
1602 1184 1636 1205 35,
1686 1185 1710 1210 (p)

1062 1209 1132 1233 Juſtin,
1159 1213 1202 1243 Ap.
1218 1210 1241 1233 Il.
1258 1220 1279 1243 p.
1297 1218 1340 1239 40.
1380 1213 1431 1243 (q)
1452 1212 1515 1237 Iren.
1529 1212 1553 1234 Il.
1569 1220 1590 1235 c.
1611 1220 1631 1239 7.
1686 1217 1711 1237 (r)

1057 1246 1125 1269 Idem
1146 1247 1174 1270 V.
1191 1256 1211 1278 p.
1224 1251 1271 1275 556.
1310 1249 1332 1277 (
1346 1243 1357 1270 )
1383 1247 1462 1274 juſtin.
1477 1247 1532 1270 Dial.
1551 1257 1573 1280 p.
1585 1257 1638 1280 247.
1691 1251 1708 1275 t)
