2319 3928
790 236 889 270 )
1011 241 1034 264 (e)
1060 225 1252 275 ?(

263 315 510 374 kraͤnckter
551 301 1113 379 Gewiſſens⸗Freyheit
1141 311 1284 364 unter
1305 307 1468 361 einem
1500 301 1791 375 geſegneten

261 394 535 463 Regiment
565 392 671 449 und
701 384 925 459 Scepter
950 384 1158 457 geruhig
1198 386 1305 443 und
1329 376 1607 454 vergnuͤget
1650 383 1789 443 leben

257 474 476 532 koͤnnen.
567 465 730 529 Denn
756 466 1001 538 nachdem
1024 461 1182 530 dieſes
1210 458 1549 535 unſchaͤtzbare
1570 462 1789 522 Kleinod

257 556 342 612 der
363 550 692 621 allgemeinen
698 540 879 621 ſicher⸗
905 540 980 621 und
1015 541 1363 617 zufriedenheit
1392 550 1538 601 unter
1558 551 1720 602 einem
1745 540 1794 612 ſo

257 628 580 700 Gnaͤdigſten
593 627 919 700 Oberhaupte
936 620 1197 696 jedermañ
1217 616 1335 700 unter
1372 616 1500 700 augen
1565 616 1795 693 leuchtet
1771 616 1794 700 /

256 716 365 771 und
383 708 514 778 nicht
535 718 633 767 nur
658 710 732 765 die
752 703 910 776 feinde
930 711 1016 764 der
1027 703 1233 775 wahren
1250 700 1570 774 Ehriſtlichen
1588 700 1799 776 freyheit

257 782 623 861 nachdruͤcklich
645 783 946 857 beſchaͤmet
935 780 959 861 /
985 781 1191 852 ſondern
1219 780 1346 851 auch
1366 780 1518 851 durch
1541 788 1797 850 ungemei⸗

256 885 355 930 nen
367 867 696 940 wachsthum
711 860 1145 935 augenſchemliche
1159 860 1345 930 proben
1371 857 1664 930 Goͤttlichen
1677 860 1797 920 wol⸗

259 946 510 1022 gefallens
535 958 605 1006 an
626 951 719 1005 den
740 953 824 1014 tag
846 942 986 1012 leget;
1028 940 1075 1011 ſo
1094 938 1228 1008 darff
1244 936 1486 1012 zweiffels
1507 934 1612 1010 frey
1635 955 1715 999 ein
1738 945 1799 1012 je

258 1033 354 1089 des
374 1026 615 1097 redliches
639 1017 876 1094 gemuͤthe
895 1026 968 1081 die
996 1015 1392 1092 unterthaͤnigſte
1412 1017 1676 1092 zuverſicht
1706 1018 1798 1090 faſ⸗

260 1107 371 1180 ſen
361 1099 384 1180 /
407 1114 547 1167 einen
567 1102 757 1175 antheil
778 1114 882 1163 von
901 1101 1050 1160 allem
1071 1099 1247 1169 dieſem
1280 1108 1434 1170 guten
1463 1105 1522 1172 zu
1542 1100 1761 1173 nehmen
1775 1107 1797 1151 /

262 1194 369 1248 und
396 1188 579 1259 mithin
608 1179 864 1253 wuͤrcklich
885 1188 945 1254 zu
966 1176 1216 1252 gemeſſen.
1285 1175 1347 1259 Es
1414 1175 1468 1250 iſt
1498 1177 1621 1248 ſonſt
1640 1180 1715 1237 die
1738 1192 1801 1238 ei⸗

261 1268 476 1340 genliebe
490 1270 602 1324 dem
625 1262 876 1340 menſchen
890 1259 936 1332 ſo
962 1274 1040 1331 gar
1057 1260 1407 1334 angebohren
1380 1255 1404 1340 /
1453 1255 1552 1330 daß
1567 1275 1617 1318 er
1628 1261 1764 1319 alles
1779 1274 1801 1318 /

260 1352 382 1407 was
395 1355 496 1404 von
509 1345 617 1416 ihm
608 1339 759 1416 ſelbſt
791 1339 940 1416 kommt
967 1348 993 1398 /
1026 1343 1120 1398 oder
1141 1339 1262 1411 doch
1286 1349 1661 1409 angenommen
1682 1341 1797 1398 und

262 1432 453 1482 æſtimitt
473 1425 631 1483 wird
613 1414 643 1493 /
655 1434 776 1493 gern
796 1418 921 1490 auch
943 1428 1044 1477 von
1059 1414 1190 1477 allen
1218 1421 1410 1478 andern
1422 1415 1570 1478 wolte
1589 1414 1708 1493 gelie
1715 1420 1794 1479 bet

260 1506 367 1563 und
382 1500 621 1572 geprieſen
644 1501 830 1575 haben:
869 1498 1055 1570 dahero
1079 1501 1211 1556 denn
1231 1499 1355 1570 auch
1370 1492 1416 1566 ſo
1435 1497 1535 1556 wol
1548 1504 1599 1556 in
1613 1499 1793 1568 profan⸗

261 1589 368 1642 und
379 1582 647 1650 weltlichen
659 1595 675 1637 /
688 1581 776 1638 als
793 1586 847 1638 in
858 1576 1127 1648 religions
1114 1573 1136 1650 ⸗
1144 1580 1250 1636 und
1269 1573 1504 1650 gewiſſens
1524 1573 1681 1650 ſachen
1715 1579 1792 1634 die

261 1677 318 1734 ge
325 1655 630 1740 faͤhrlichſten
646 1664 820 1712 conſilia
841 1662 946 1717 und
967 1665 1183 1719 actiones,
1217 1655 1473 1727 blutigſten
1502 1657 1656 1725 kriege
1677 1672 1698 1712 /
1729 1664 1796 1707 in-

263 1744 511 1811 quiſitiones
533 1745 641 1800 und
667 1733 1024 1810 verfolgungen
1051 1745 1111 1810 zu
1137 1735 1269 1796 allen
1293 1743 1443 1809 zeiten
1474 1733 1787 1805 entſtanden.

262 1820 452 1880 Wann
464 1820 581 1877 aber
592 1826 665 1877 im
676 1814 948 1888 gegentheil
960 1823 1105 1874 unter
1116 1820 1279 1874 einem
1297 1813 1575 1885 Regiment
1572 1813 1626 1888 an
1677 1814 1790 1883 ſtatt

260 1899 561 1968 dergleichen
574 1899 734 1958 GOtt
753 1890 1063 1966 mißfaͤlligen
1084 1894 1361 1967 proceduren
1382 1893 1639 1965 jedermañ
1664 1897 1794 1965 ohne

261 1975 779 2047 unterſcheid
558 1971 579 2047 /
600 1971 698 2047 auch
719 1971 768 2047 in
791 1971 1057 2045 geiſtlichen
1073 1974 1794 2046 angelegenheiten
1503 1971 1524 2047 /
1552 1974 1794 2046 gerechtig⸗

264 2057 398 2115 keit
387 2050 416 2127 /
438 2059 601 2127 gnade
622 2058 728 2114 und
750 2051 890 2124 ſchutz
908 2052 1123 2125 ertheilet
1143 2055 1294 2112 wird;
1334 2052 1388 2121 iſt
1412 2051 1616 2121 ſelbiges
1638 2050 1788 2109 allein

265 2145 370 2194 von
406 2135 486 2195 GO
522 2135 636 2195 Tes
686 2132 951 2204 liebreicher
961 2133 1250 2205 hand
1102 2126 1131 2205 /
1160 2133 1233 2205 und
1269 2141 1360 2191 vor
1374 2137 1451 2189 ein
1471 2126 1657 2205 gewiſſes
1689 2126 1790 2205 zei⸗

266 2213 382 2286 chen
402 2214 739 2283 danckbarlich
762 2212 1143 2284 anzunehmen
1107 2205 1138 2286 /
1164 2205 1263 2279 daß
1289 2213 1364 2268 die
1377 2207 1629 2278 Goͤttliche
1642 2206 1790 2276 weiß⸗

265 2294 394 2365 heit
383 2281 415 2365 /
438 2293 652 2363 (welche
659 2281 854 2365 allezeit
882 2298 959 2349 mit
983 2290 1099 2349 liebe
1118 2292 1225 2349 und
1248 2291 1510 2349 erbarmen
1531 2281 1789 2357 verknuͤpf⸗

266 2371 333 2443 fet
349 2370 455 2442 iſt
428 2365 480 2444 /)
499 2371 629 2444 nicht
650 2385 746 2430 nur
765 2383 817 2429 in
839 2377 1095 2439 regierung
1115 2365 1160 2438 ſo
1178 2367 1487 2439 mancherley
1510 2374 1787 2436 gattungen

268 2455 353 2511 der
364 2451 551 2512 voͤlcker
562 2453 666 2510 und
677 2451 944 2521 religionen
955 2464 975 2504 /
987 2448 1194 2517 ſondern
1211 2449 1338 2519 auch
1349 2456 1401 2504 in
1414 2446 1665 2519 heilſamer
1678 2467 1788 2497 cem

267 2553 436 2602 peratur
453 2538 538 2590 der
554 2529 869 2603 gerecht
745 2522 760 2603 ·
782 2522 849 2603 und
887 2526 1167 2602 billichkeit
1160 2522 1183 2603 /
1195 2522 1455 2599 wuͤrcklich
1475 2525 1612 2584 allda
1635 2527 1789 2599 gehoͤr

269 2613 377 2670 und
390 2609 512 2682 platz
529 2607 783 2681 gefunden
795 2607 937 2681 habe.

408 2746 522 2809 und
534 2743 697 2817 dieſes
713 2743 952 2816 iſts
815 2709 838 2827 /
869 2743 952 2816 was
1032 2716 1152 2824 w.
1161 2709 1777 2827 Ghurfl.
1509 2709 1639 2827 Dur
1671 2709 1777 2827 hl.

269 2839 588 2910 Gnaͤdigſten
600 2838 774 2913 ſchirſm
831 2837 910 2899 DE
945 2837 1016 2913 RO
1093 2849 1324 2911 getreuen
1345 2839 1677 2910 unterthanen
1703 2837 1786 2896 bil⸗

275 2918 367 2992 lich
387 2920 667 2993 hochwerth
679 2925 784 2977 und
799 2919 968 2991 theuer
978 2918 1344 2990 machet
1181 2915 1203 2993 /
1231 2918 1332 2990 auch
1355 2916 1522 2985 ſelbige
1536 2927 1629 2974 vor
1663 2915 1785 2976 DE⸗

273 2996 397 3058 RO
437 2997 751 3068 langwierige
769 2999 874 3056 und
885 2996 1129 3068 geſegnete
1148 3006 1403 3069 regierung
1426 2993 1783 3065 fernerweit
1704 2993 1783 3069 de⸗

275 3074 342 3145 ſto
373 3076 643 3149 ernſtlicher
677 3084 736 3148 zu
776 3076 916 3135 beten
960 3073 1249 3148 kräfftiglich
1287 3076 1540 3133 antreiben
1566 3075 1779 3143 moͤchte.

274 3154 412 3215 Eben
445 3152 605 3226 dieſes
638 3157 863 3216 erwecket
899 3154 1027 3225 auch
1044 3162 1097 3214 in
1132 3163 1230 3213 mir
1250 3162 1356 3214 das
1392 3151 1782 3224 unterthaͤnigſte

275 3260 571 3317 vertrauen
545 3248 577 3342 /
590 3252 690 3326 daß
702 3226 894 3336 w.
905 3222 1201 3346 Ehurfl.
1216 3219 1367 3339 Dur
1412 3223 1532 3333 hl.
1547 3250 1667 3321 dieſe
1694 3251 1780 3309 all⸗

1644 3342 1779 3399 gemei⸗

1707 3820 1746 3838 Grey
1757 3820 1804 3835 Scale

1249 3719 1385 3761 Herzog
1398 3719 1533 3760 August
1551 3716 1743 3749 Bibliothek
1757 3714 2001 3748 Wolfenbüttel
