<?xml version="1.0" encoding="UTF-8"?>
<pc:PcGts xmlns:pc="http://schema.primaresearch.org/PAGE/gts/pagecontent/2019-07-15" xmlns:xsi="http://www.w3.org/2001/XMLSchema-instance" xsi:schemaLocation="http://schema.primaresearch.org/PAGE/gts/pagecontent/2019-07-15 http://schema.primaresearch.org/PAGE/gts/pagecontent/2019-07-15/pagecontent.xsd" pcGtsId="OCR-D-OCR_0002">
    <pc:Metadata>
        <pc:Creator>OCR-D/core 2.71.0</pc:Creator>
        <pc:Created>2025-04-10T09:30:51.148150</pc:Created>
        <pc:LastChange>2025-04-10T09:30:51.148150</pc:LastChange>
        <pc:MetadataItem type="processingStep" name="layout/segmentation/region" value="ocrd-tesserocr-recognize">
            <pc:Labels externalModel="ocrd-tool" externalId="parameters">
                <pc:Label value="region" type="segmentation_level"/>
                <pc:Label value="word" type="textequiv_level"/>
                <pc:Label value="True" type="find_tables"/>
                <pc:Label value="german_print" type="model"/>
                <pc:Label value="0" type="dpi"/>
                <pc:Label value="0" type="padding"/>
                <pc:Label value="False" type="overwrite_segments"/>
                <pc:Label value="True" type="overwrite_text"/>
                <pc:Label value="False" type="shrink_polygons"/>
                <pc:Label value="False" type="block_polygons"/>
                <pc:Label value="False" type="find_staves"/>
                <pc:Label value="False" type="sparse_text"/>
                <pc:Label value="False" type="raw_lines"/>
                <pc:Label value="" type="char_whitelist"/>
                <pc:Label value="" type="char_blacklist"/>
                <pc:Label value="" type="char_unblacklist"/>
                <pc:Label value="{}" type="tesseract_parameters"/>
                <pc:Label value="{}" type="xpath_parameters"/>
                <pc:Label value="{}" type="xpath_model"/>
                <pc:Label value="False" type="auto_model"/>
                <pc:Label value="DEFAULT" type="oem"/>
            </pc:Labels>
            <pc:Labels externalModel="ocrd-tool" externalId="version">
                <pc:Label value="0.19.1 (tesseract 5.4.1)" type="ocrd-tesserocr-recognize"/>
                <pc:Label value="2.71.0" type="ocrd/core"/>
            </pc:Labels>
        </pc:MetadataItem>
    </pc:Metadata>
    <pc:Page imageFilename="OCR-D-IMG/OCR-D-IMG_0002.tif" imageWidth="1240" imageHeight="1948">
        <pc:AlternativeImage filename="OCR-D-OCR/OCR-D-OCR_0002.IMG-BIN.png" comments=",binarized,clipped"/>
        <pc:ReadingOrder>
            <pc:OrderedGroup id="reading-order">
                <pc:RegionRefIndexed index="0" regionRef="region0000"/>
                <pc:RegionRefIndexed index="1" regionRef="region0001"/>
                <pc:RegionRefIndexed index="4" regionRef="region0004"/>
                <pc:RegionRefIndexed index="5" regionRef="region0005"/>
                <pc:RegionRefIndexed index="6" regionRef="region0006"/>
                <pc:RegionRefIndexed index="7" regionRef="region0007"/>
                <pc:RegionRefIndexed index="8" regionRef="region0008"/>
                <pc:RegionRefIndexed index="9" regionRef="region0009"/>
                <pc:RegionRefIndexed index="10" regionRef="region0010"/>
                <pc:RegionRefIndexed index="11" regionRef="region0011"/>
                <pc:RegionRefIndexed index="12" regionRef="region0012"/>
                <pc:RegionRefIndexed index="13" regionRef="region0013"/>
                <pc:RegionRefIndexed index="15" regionRef="region0015"/>
            </pc:OrderedGroup>
        </pc:ReadingOrder>
        <pc:TextRegion id="region0005" orientation="-0.089855107244944" readingDirection="left-to-right" textLineOrder="top-to-bottom">
            <pc:Coords points="484,186 1139,186 1139,301 484,301"/>
            <pc:TextLine id="region0005_line0000">
                <pc:Coords points="487,186 1014,186 1014,232 487,232"/>
                <pc:Word id="region0005_line0000_word0000">
                    <pc:Coords points="487,186 509,186 509,224 487,224"/>
                    <pc:TextEquiv conf="0.">
                        <pc:Unicode>r.</pc:Unicode>
                    </pc:TextEquiv>
                </pc:Word>
                <pc:Word id="region0005_line0000_word0001">
                    <pc:Coords points="532,190 629,190 629,231 532,231"/>
                    <pc:TextEquiv conf="0.673345794677734">
                        <pc:Unicode>Tbeil.</pc:Unicode>
                    </pc:TextEquiv>
                </pc:Word>
                <pc:Word id="region0005_line0000_word0002">
                    <pc:Coords points="650,230 728,230 728,186 650,186"/>
                    <pc:TextEquiv conf="0.777637176513672">
                        <pc:Unicode>Cap.</pc:Unicode>
                    </pc:TextEquiv>
                </pc:Word>
                <pc:Word id="region0005_line0000_word0003">
                    <pc:Coords points="732,202 753,202 753,226 732,226"/>
                    <pc:TextEquiv conf="0.15900764465332">
                        <pc:Unicode>1.</pc:Unicode>
                    </pc:TextEquiv>
                </pc:Word>
                <pc:Word id="region0005_line0000_word0004">
                    <pc:Coords points="757,190 832,190 832,229 757,229"/>
                    <pc:TextEquiv conf="0.899189987182617">
                        <pc:Unicode>Von</pc:Unicode>
                    </pc:TextEquiv>
                </pc:Word>
                <pc:Word id="region0005_line0000_word0005">
                    <pc:Coords points="844,189 844,232 1014,232 1014,189"/>
                    <pc:TextEquiv conf="0.892953109741211">
                        <pc:Unicode>Geſpenſten</pc:Unicode>
                    </pc:TextEquiv>
                </pc:Word>
                <pc:TextEquiv conf="0.733688952128092">
                    <pc:Unicode>r. Tbeil. Cap. 1. Von Geſpenſten</pc:Unicode>
                </pc:TextEquiv>
            </pc:TextLine>
            <pc:TextLine id="region0005_line0001">
                <pc:Coords points="484,235 1139,235 1139,301 484,301"/>
                <pc:Word id="region0005_line0001_word0000">
                    <pc:Coords points="484,240 550,240 550,289 484,289"/>
                    <pc:TextEquiv conf="0.925309600830078">
                        <pc:Unicode>As</pc:Unicode>
                    </pc:TextEquiv>
                </pc:Word>
                <pc:Word id="region0005_line0001_word0001">
                    <pc:Coords points="565,237 819,237 819,285 565,285"/>
                    <pc:TextEquiv conf="0.843114318847656">
                        <pc:Unicode>Griechen⸗Land</pc:Unicode>
                    </pc:TextEquiv>
                </pc:Word>
                <pc:Word id="region0005_line0001_word0002">
                    <pc:Coords points="835,252 882,252 882,301 835,301"/>
                    <pc:TextEquiv conf="0.716609725952148">
                        <pc:Unicode>zu</pc:Unicode>
                    </pc:TextEquiv>
                </pc:Word>
                <pc:Word id="region0005_line0001_word0003">
                    <pc:Coords points="897,294 967,294 967,235 897,235"/>
                    <pc:TextEquiv conf="0.920679473876953">
                        <pc:Unicode>erſt</pc:Unicode>
                    </pc:TextEquiv>
                </pc:Word>
                <pc:Word id="region0005_line0001_word0004">
                    <pc:Coords points="991,235 1115,235 1115,298 991,298"/>
                    <pc:TextEquiv conf="0.912799911499023">
                        <pc:Unicode>betriſt</pc:Unicode>
                    </pc:TextEquiv>
                </pc:Word>
                <pc:Word id="region0005_line0001_word0005">
                    <pc:Coords points="1119,243 1139,243 1139,295 1119,295"/>
                    <pc:TextEquiv conf="0.906184692382813">
                        <pc:Unicode>/</pc:Unicode>
                    </pc:TextEquiv>
                </pc:Word>
                <pc:TextEquiv conf="0.870782953898112">
                    <pc:Unicode>As Griechen⸗Land zu erſt betriſt /</pc:Unicode>
                </pc:TextEquiv>
            </pc:TextLine>
            <pc:TextEquiv conf="0.802235953013102">
                <pc:Unicode>r. Tbeil. Cap. 1. Von Geſpenſten
As Griechen⸗Land zu erſt betriſt /</pc:Unicode>
            </pc:TextEquiv>
        </pc:TextRegion>
        <pc:TextRegion id="region0007" orientation="-0.089855107244944" readingDirection="left-to-right" textLineOrder="top-to-bottom">
            <pc:Coords points="194,249 276,249 276,287 194,287"/>
            <pc:TextLine id="region0007_line0000">
                <pc:Coords points="194,249 276,249 276,287 194,287"/>
                <pc:Word id="region0007_line0000_word0000">
                    <pc:Coords points="194,249 227,249 227,287 194,287"/>
                    <pc:TextEquiv conf="0.822060699462891">
                        <pc:Unicode>§.</pc:Unicode>
                    </pc:TextEquiv>
                </pc:Word>
                <pc:Word id="region0007_line0000_word0001">
                    <pc:Coords points="252,256 276,256 276,280 252,280"/>
                    <pc:TextEquiv conf="0.822060699462891">
                        <pc:Unicode>1.</pc:Unicode>
                    </pc:TextEquiv>
                </pc:Word>
                <pc:TextEquiv conf="0.822060699462891">
                    <pc:Unicode>§. 1.</pc:Unicode>
                </pc:TextEquiv>
            </pc:TextLine>
            <pc:TextEquiv conf="0.822060699462891">
                <pc:Unicode>§. 1.</pc:Unicode>
            </pc:TextEquiv>
        </pc:TextRegion>
        <pc:TextRegion id="region0008" orientation="-0.089855107244944" type="floating" readingDirection="left-to-right" textLineOrder="top-to-bottom">
            <pc:Coords points="141,249 1138,249 1138,352 141,352"/>
            <pc:TextLine id="region0008_line0000">
                <pc:Coords points="141,249 1138,249 1138,352 141,352"/>
                <pc:Word id="region0008_line0000_word0000">
                    <pc:Coords points="141,289 291,289 291,346 141,346"/>
                    <pc:TextEquiv conf="0.866718978881836">
                        <pc:Unicode>Griechen</pc:Unicode>
                    </pc:TextEquiv>
                </pc:Word>
                <pc:Word id="region0008_line0000_word0001">
                    <pc:Coords points="480,294 515,294 515,343 480,343"/>
                    <pc:TextEquiv conf="0.598899841308594">
                        <pc:Unicode>ſo</pc:Unicode>
                    </pc:TextEquiv>
                </pc:Word>
                <pc:Word id="region0008_line0000_word0002">
                    <pc:Coords points="524,300 583,300 583,335 524,335"/>
                    <pc:TextEquiv conf="0.082516860961914">
                        <pc:Unicode>tan</pc:Unicode>
                    </pc:TextEquiv>
                </pc:Word>
                <pc:Word id="region0008_line0000_word0003">
                    <pc:Coords points="591,294 723,294 723,344 591,344"/>
                    <pc:TextEquiv conf="0.875939483642578">
                        <pc:Unicode>hiervon</pc:Unicode>
                    </pc:TextEquiv>
                </pc:Word>
                <pc:Word id="region0008_line0000_word0004">
                    <pc:Coords points="732,249 854,249 854,352 732,352"/>
                    <pc:TextEquiv conf="0.">
                        <pc:Unicode>zeuſe</pc:Unicode>
                    </pc:TextEquiv>
                </pc:Word>
                <pc:Word id="region0008_line0000_word0005">
                    <pc:Coords points="857,302 1074,302 1074,339 857,339"/>
                    <pc:TextEquiv conf="0.925607452392578">
                        <pc:Unicode>werden</pc:Unicode>
                    </pc:TextEquiv>
                </pc:Word>
                <pc:Word id="region0008_line0000_word0006">
                    <pc:Coords points="988,297 1002,297 1002,351 988,351"/>
                    <pc:TextEquiv conf="0.872331848144531">
                        <pc:Unicode>/</pc:Unicode>
                    </pc:TextEquiv>
                </pc:Word>
                <pc:Word id="region0008_line0000_word0007">
                    <pc:Coords points="1019,297 1069,297 1069,351 1019,351"/>
                    <pc:TextEquiv conf="0.872331848144531">
                        <pc:Unicode>was</pc:Unicode>
                    </pc:TextEquiv>
                </pc:Word>
                <pc:Word id="region0008_line0000_word0008">
                    <pc:Coords points="1084,304 1138,304 1138,338 1084,338"/>
                    <pc:TextEquiv conf="0.930810775756836">
                        <pc:Unicode>der</pc:Unicode>
                    </pc:TextEquiv>
                </pc:Word>
                <pc:TextEquiv conf="0.780573009914822">
                    <pc:Unicode>Griechen ſo tan hiervon zeuſe werden / was der</pc:Unicode>
                </pc:TextEquiv>
            </pc:TextLine>
            <pc:TextEquiv conf="0.780573009914822">
                <pc:Unicode>Griechen ſo tan hiervon zeuſe werden / was der</pc:Unicode>
            </pc:TextEquiv>
        </pc:TextRegion>
        <pc:TextRegion id="region0009" orientation="-0.089855107244944" readingDirection="left-to-right" textLineOrder="top-to-bottom">
            <pc:Coords points="144,326 1140,326 1140,395 144,395"/>
            <pc:TextLine id="region0009_line0000">
                <pc:Coords points="144,326 1140,326 1140,395 144,395"/>
                <pc:Word id="region0009_line0000_word0000">
                    <pc:Coords points="144,326 241,326 241,379 144,379"/>
                    <pc:TextEquiv conf="0.91396614074707">
                        <pc:Unicode>Land.</pc:Unicode>
                    </pc:TextEquiv>
                </pc:Word>
                <pc:Word id="region0009_line0000_word0001">
                    <pc:Coords points="485,344 619,344 619,381 485,381"/>
                    <pc:TextEquiv conf="0.447629165649414">
                        <pc:Unicode>Anthor</pc:Unicode>
                    </pc:TextEquiv>
                </pc:Word>
                <pc:Word id="region0009_line0000_word0002">
                    <pc:Coords points="632,352 685,352 685,385 632,385"/>
                    <pc:TextEquiv conf="0.924936676025391">
                        <pc:Unicode>der</pc:Unicode>
                    </pc:TextEquiv>
                </pc:Word>
                <pc:Word id="region0009_line0000_word0003">
                    <pc:Coords points="699,347 1016,347 1016,392 699,392"/>
                    <pc:TextEquiv conf="0.927515716552734">
                        <pc:Unicode>Wunderbarlichen</pc:Unicode>
                    </pc:TextEquiv>
                </pc:Word>
                <pc:Word id="region0009_line0000_word0004">
                    <pc:Coords points="1031,351 1140,351 1140,395 1031,395"/>
                    <pc:TextEquiv conf="0.320659790039062">
                        <pc:Unicode>Hiſto,</pc:Unicode>
                    </pc:TextEquiv>
                </pc:Word>
                <pc:TextEquiv conf="0.706941497802734">
                    <pc:Unicode>Land. Anthor der Wunderbarlichen Hiſto,</pc:Unicode>
                </pc:TextEquiv>
            </pc:TextLine>
            <pc:TextEquiv conf="0.706941497802734">
                <pc:Unicode>Land. Anthor der Wunderbarlichen Hiſto,</pc:Unicode>
            </pc:TextEquiv>
        </pc:TextRegion>
        <pc:TextRegion id="region0010" orientation="-0.089855107244944" type="floating" readingDirection="left-to-right" textLineOrder="top-to-bottom">
            <pc:Coords points="143,372 1137,372 1137,460 143,460"/>
            <pc:TextLine id="region0010_line0000">
                <pc:Coords points="143,372 1137,372 1137,460 143,460"/>
                <pc:Word id="region0010_line0000_word0000">
                    <pc:Coords points="143,372 307,372 307,460 143,460"/>
                    <pc:TextEquiv conf="0.">
                        <pc:Unicode>Pes.⸗</pc:Unicode>
                    </pc:TextEquiv>
                </pc:Word>
                <pc:Word id="region0010_line0000_word0001">
                    <pc:Coords points="321,399 391,399 391,434 321,434"/>
                    <pc:TextEquiv conf="0.907965240478516">
                        <pc:Unicode>rien</pc:Unicode>
                    </pc:TextEquiv>
                </pc:Word>
                <pc:Word id="region0010_line0000_word0002">
                    <pc:Coords points="405,385 471,385 471,433 405,433"/>
                    <pc:TextEquiv conf="0.910337295532227">
                        <pc:Unicode>von</pc:Unicode>
                    </pc:TextEquiv>
                </pc:Word>
                <pc:Word id="region0010_line0000_word0003">
                    <pc:Coords points="484,390 680,390 680,442 484,442"/>
                    <pc:TextEquiv conf="0.915697021484375">
                        <pc:Unicode>Geſpenſten</pc:Unicode>
                    </pc:TextEquiv>
                </pc:Word>
                <pc:Word id="region0010_line0000_word0004">
                    <pc:Coords points="713,403 760,403 760,434 713,434"/>
                    <pc:TextEquiv conf="0.906094360351563">
                        <pc:Unicode>im</pc:Unicode>
                    </pc:TextEquiv>
                </pc:Word>
                <pc:Word id="region0010_line0000_word0005">
                    <pc:Coords points="779,399 877,399 877,442 779,442"/>
                    <pc:TextEquiv conf="0.927597274780273">
                        <pc:Unicode>erſten</pc:Unicode>
                    </pc:TextEquiv>
                </pc:Word>
                <pc:Word id="region0010_line0000_word0006">
                    <pc:Coords points="886,396 978,396 978,444 886,444"/>
                    <pc:TextEquiv conf="0.540122528076172">
                        <pc:Unicode>Theil</pc:Unicode>
                    </pc:TextEquiv>
                </pc:Word>
                <pc:Word id="region0010_line0000_word0007">
                    <pc:Coords points="988,407 1044,407 1044,434 988,434"/>
                    <pc:TextEquiv conf="0.540122528076172">
                        <pc:Unicode>am</pc:Unicode>
                    </pc:TextEquiv>
                </pc:Word>
                <pc:Word id="region0010_line0000_word0008">
                    <pc:Coords points="1079,402 1137,402 1137,436 1079,436"/>
                    <pc:TextEquiv conf="0.916012573242188">
                        <pc:Unicode>26.</pc:Unicode>
                    </pc:TextEquiv>
                </pc:Word>
                <pc:TextEquiv conf="0.840438758002387">
                    <pc:Unicode>Pes.⸗ rien von Geſpenſten im erſten Theil am 26.</pc:Unicode>
                </pc:TextEquiv>
            </pc:TextLine>
            <pc:TextEquiv conf="0.840438758002387">
                <pc:Unicode>Pes.⸗ rien von Geſpenſten im erſten Theil am 26.</pc:Unicode>
            </pc:TextEquiv>
        </pc:TextRegion>
        <pc:TextRegion id="region0011" orientation="-0.089855107244944" readingDirection="left-to-right" textLineOrder="top-to-bottom">
            <pc:Coords points="144,443 1139,443 1139,838 144,838"/>
            <pc:TextLine id="region0011_line0000">
                <pc:Coords points="144,443 1138,443 1138,492 144,492"/>
                <pc:Word id="region0011_line0000_word0000">
                    <pc:Coords points="144,457 191,457 191,489 144,489"/>
                    <pc:TextEquiv conf="0.797624969482422">
                        <pc:Unicode>ten</pc:Unicode>
                    </pc:TextEquiv>
                </pc:Word>
                <pc:Word id="region0011_line0000_word0001">
                    <pc:Coords points="271,462 203,462 203,492 271,492"/>
                    <pc:TextEquiv conf="0.695647354125977">
                        <pc:Unicode>von</pc:Unicode>
                    </pc:TextEquiv>
                </pc:Word>
                <pc:Word id="region0011_line0000_word0002">
                    <pc:Coords points="321,443 434,443 434,492 321,492"/>
                    <pc:TextEquiv conf="0.866448059082031">
                        <pc:Unicode>Blath</pc:Unicode>
                    </pc:TextEquiv>
                </pc:Word>
                <pc:Word id="region0011_line0000_word0003">
                    <pc:Coords points="449,446 476,446 476,483 449,483"/>
                    <pc:TextEquiv conf="0.900603637695312">
                        <pc:Unicode>b.</pc:Unicode>
                    </pc:TextEquiv>
                </pc:Word>
                <pc:Word id="region0011_line0000_word0004">
                    <pc:Coords points="489,444 586,444 586,491 489,491"/>
                    <pc:TextEquiv conf="0.900603637695312">
                        <pc:Unicode>ſaget.</pc:Unicode>
                    </pc:TextEquiv>
                </pc:Word>
                <pc:Word id="region0011_line0000_word0005">
                    <pc:Coords points="637,443 724,443 724,490 637,490"/>
                    <pc:TextEquiv conf="0.545824470520019">
                        <pc:Unicode>Auff</pc:Unicode>
                    </pc:TextEquiv>
                </pc:Word>
                <pc:Word id="region0011_line0000_word0006">
                    <pc:Coords points="732,449 802,449 802,484 732,484"/>
                    <pc:TextEquiv conf="0.907648620605469">
                        <pc:Unicode>dem</pc:Unicode>
                    </pc:TextEquiv>
                </pc:Word>
                <pc:Word id="region0011_line0000_word0007">
                    <pc:Coords points="816,446 931,446 931,492 816,492"/>
                    <pc:TextEquiv conf="0.907648620605469">
                        <pc:Unicode>Berge</pc:Unicode>
                    </pc:TextEquiv>
                </pc:Word>
                <pc:Word id="region0011_line0000_word0008">
                    <pc:Coords points="943,445 1138,445 1138,482 943,482"/>
                    <pc:TextEquiv conf="0.495395469665527">
                        <pc:Unicode>Parnaſſoin</pc:Unicode>
                    </pc:TextEquiv>
                </pc:Word>
                <pc:TextEquiv conf="0.779716093275282">
                    <pc:Unicode>ten von Blath b. ſaget. Auff dem Berge Parnaſſoin</pc:Unicode>
                </pc:TextEquiv>
            </pc:TextLine>
            <pc:TextLine id="region0011_line0001">
                <pc:Coords points="145,493 1138,493 1138,544 145,544"/>
                <pc:Word id="region0011_line0001_word0000">
                    <pc:Coords points="145,499 200,499 200,530 145,530"/>
                    <pc:TextEquiv conf="0.929898376464844">
                        <pc:Unicode>den</pc:Unicode>
                    </pc:TextEquiv>
                </pc:Word>
                <pc:Word id="region0011_line0001_word0001">
                    <pc:Coords points="208,493 307,493 307,533 208,533"/>
                    <pc:TextEquiv conf="0.931406402587891">
                        <pc:Unicode>Wald</pc:Unicode>
                    </pc:TextEquiv>
                </pc:Word>
                <pc:Word id="region0011_line0001_word0002">
                    <pc:Coords points="326,495 461,495 461,544 326,544"/>
                    <pc:TextEquiv conf="0.546645355224609">
                        <pc:Unicode>Boëtia,</pc:Unicode>
                    </pc:TextEquiv>
                </pc:Word>
                <pc:Word id="region0011_line0001_word0003">
                    <pc:Coords points="601,493 476,493 476,544 601,544"/>
                    <pc:TextEquiv conf="0.91669189453125">
                        <pc:Unicode>welcher</pc:Unicode>
                    </pc:TextEquiv>
                </pc:Word>
                <pc:Word id="region0011_line0001_word0004">
                    <pc:Coords points="676,493 621,493 621,544 676,544"/>
                    <pc:TextEquiv conf="0.929182357788086">
                        <pc:Unicode>dem</pc:Unicode>
                    </pc:TextEquiv>
                </pc:Word>
                <pc:Word id="region0011_line0001_word0005">
                    <pc:Coords points="692,493 841,493 841,544 692,544"/>
                    <pc:TextEquiv conf="0.918726119995117">
                        <pc:Unicode>Apollini</pc:Unicode>
                    </pc:TextEquiv>
                </pc:Word>
                <pc:Word id="region0011_line0001_word0006">
                    <pc:Coords points="861,493 1053,493 1053,535 861,535"/>
                    <pc:TextEquiv conf="0.52423583984375">
                        <pc:Unicode>conſecriret</pc:Unicode>
                    </pc:TextEquiv>
                </pc:Word>
                <pc:Word id="region0011_line0001_word0007">
                    <pc:Coords points="1068,501 1138,501 1138,536 1068,536"/>
                    <pc:TextEquiv conf="0.928612365722656">
                        <pc:Unicode>und</pc:Unicode>
                    </pc:TextEquiv>
                </pc:Word>
                <pc:TextEquiv conf="0.828174839019775">
                    <pc:Unicode>den Wald Boëtia, welcher dem Apollini conſecriret und</pc:Unicode>
                </pc:TextEquiv>
            </pc:TextLine>
            <pc:TextLine id="region0011_line0002">
                <pc:Coords points="147,538 1138,538 1138,595 147,595"/>
                <pc:Word id="region0011_line0002_word0000">
                    <pc:Coords points="147,538 280,538 280,578 147,578"/>
                    <pc:TextEquiv conf="0.665494003295898">
                        <pc:Unicode>Geſpen,</pc:Unicode>
                    </pc:TextEquiv>
                </pc:Word>
                <pc:Word id="region0011_line0002_word0001">
                    <pc:Coords points="319,547 499,547 499,591 319,591"/>
                    <pc:TextEquiv conf="0.864825744628906">
                        <pc:Unicode>zugeeignet</pc:Unicode>
                    </pc:TextEquiv>
                </pc:Word>
                <pc:Word id="region0011_line0002_word0002">
                    <pc:Coords points="507,546 558,546 558,589 507,589"/>
                    <pc:TextEquiv conf="0.891924285888672">
                        <pc:Unicode>iſt</pc:Unicode>
                    </pc:TextEquiv>
                </pc:Word>
                <pc:Word id="region0011_line0002_word0003">
                    <pc:Coords points="566,538 554,538 554,595 566,595"/>
                    <pc:TextEquiv conf="0.726258392333984">
                        <pc:Unicode>/</pc:Unicode>
                    </pc:TextEquiv>
                </pc:Word>
                <pc:Word id="region0011_line0002_word0004">
                    <pc:Coords points="565,549 646,549 646,584 565,584"/>
                    <pc:TextEquiv conf="0.899892044067383">
                        <pc:Unicode>wird</pc:Unicode>
                    </pc:TextEquiv>
                </pc:Word>
                <pc:Word id="region0011_line0002_word0005">
                    <pc:Coords points="655,546 855,546 855,595 655,595"/>
                    <pc:TextEquiv conf="0.873647766113281">
                        <pc:Unicode>allewege</pc:Unicode>
                    </pc:TextEquiv>
                </pc:Word>
                <pc:Word id="region0011_line0002_word0006">
                    <pc:Coords points="864,538 814,538 814,595 864,595"/>
                    <pc:TextEquiv conf="0.905922393798828">
                        <pc:Unicode>ein</pc:Unicode>
                    </pc:TextEquiv>
                </pc:Word>
                <pc:Word id="region0011_line0002_word0007">
                    <pc:Coords points="863,544 955,544 955,593 863,593"/>
                    <pc:TextEquiv conf="0.913128890991211">
                        <pc:Unicode>Jahr</pc:Unicode>
                    </pc:TextEquiv>
                </pc:Word>
                <pc:Word id="region0011_line0002_word0008">
                    <pc:Coords points="963,544 1065,544 1065,586 963,586"/>
                    <pc:TextEquiv conf="0.818952026367187">
                        <pc:Unicode>uͤmbs</pc:Unicode>
                    </pc:TextEquiv>
                </pc:Word>
                <pc:Word id="region0011_line0002_word0009">
                    <pc:Coords points="1080,557 1138,557 1138,585 1080,585"/>
                    <pc:TextEquiv conf="0.917831115722656">
                        <pc:Unicode>an⸗</pc:Unicode>
                    </pc:TextEquiv>
                </pc:Word>
                <pc:TextEquiv conf="0.847787666320801">
                    <pc:Unicode>Geſpen, zugeeignet iſt / wird allewege ein Jahr uͤmbs an⸗</pc:Unicode>
                </pc:TextEquiv>
            </pc:TextLine>
            <pc:TextLine id="region0011_line0003">
                <pc:Coords points="146,579 1139,579 1139,661 146,661"/>
                <pc:Word id="region0011_line0003_word0000">
                    <pc:Coords points="146,579 277,579 277,654 146,654"/>
                    <pc:TextEquiv conf="0.">
                        <pc:Unicode>.</pc:Unicode>
                    </pc:TextEquiv>
                </pc:Word>
                <pc:Word id="region0011_line0003_word0001">
                    <pc:Coords points="277,627 310,627 310,661 277,661"/>
                    <pc:TextEquiv conf="0.">
                        <pc:Unicode>de</pc:Unicode>
                    </pc:TextEquiv>
                </pc:Word>
                <pc:Word id="region0011_line0003_word0002">
                    <pc:Coords points="321,597 374,597 374,632 321,632"/>
                    <pc:TextEquiv conf="0.607138977050781">
                        <pc:Unicode>der</pc:Unicode>
                    </pc:TextEquiv>
                </pc:Word>
                <pc:Word id="region0011_line0003_word0003">
                    <pc:Coords points="523,579 390,579 390,661 523,661"/>
                    <pc:TextEquiv conf="0.164363708496094">
                        <pc:Unicode>dasFeſt</pc:Unicode>
                    </pc:TextEquiv>
                </pc:Word>
                <pc:Word id="region0011_line0003_word0004">
                    <pc:Coords points="537,594 753,594 753,638 537,638"/>
                    <pc:TextEquiv conf="0.620552215576172">
                        <pc:Unicode>Bachanalien</pc:Unicode>
                    </pc:TextEquiv>
                </pc:Word>
                <pc:Word id="region0011_line0003_word0005">
                    <pc:Coords points="761,599 835,599 835,633 761,633"/>
                    <pc:TextEquiv conf="0.620552215576172">
                        <pc:Unicode>oder</pc:Unicode>
                    </pc:TextEquiv>
                </pc:Word>
                <pc:Word id="region0011_line0003_word0006">
                    <pc:Coords points="844,596 938,596 938,633 844,633"/>
                    <pc:TextEquiv conf="0.611050567626953">
                        <pc:Unicode>collen</pc:Unicode>
                    </pc:TextEquiv>
                </pc:Word>
                <pc:Word id="region0011_line0003_word0007">
                    <pc:Coords points="949,595 1139,595 1139,642 949,642"/>
                    <pc:TextEquiv conf="0.466745185852051">
                        <pc:Unicode>Faſtnachte</pc:Unicode>
                    </pc:TextEquiv>
                </pc:Word>
                <pc:TextEquiv conf="0.636300358772278">
                    <pc:Unicode>. de der dasFeſt Bachanalien oder collen Faſtnachte</pc:Unicode>
                </pc:TextEquiv>
            </pc:TextLine>
            <pc:TextLine id="region0011_line0004">
                <pc:Coords points="145,641 1139,641 1139,695 145,695"/>
                <pc:Word id="region0011_line0004_word0000">
                    <pc:Coords points="145,660 284,660 284,695 145,695"/>
                    <pc:TextEquiv conf="0.071944885253906">
                        <pc:Unicode>Pamaſſo.</pc:Unicode>
                    </pc:TextEquiv>
                </pc:Word>
                <pc:Word id="region0011_line0004_word0001">
                    <pc:Coords points="322,641 322,695 482,695 482,641"/>
                    <pc:TextEquiv conf="0.290335006713867">
                        <pc:Unicode>gehalten/</pc:Unicode>
                    </pc:TextEquiv>
                </pc:Word>
                <pc:Word id="region0011_line0004_word0002">
                    <pc:Coords points="497,649 566,649 566,682 497,682"/>
                    <pc:TextEquiv conf="0.924718017578125">
                        <pc:Unicode>und</pc:Unicode>
                    </pc:TextEquiv>
                </pc:Word>
                <pc:Word id="region0011_line0004_word0003">
                    <pc:Coords points="574,649 699,649 699,683 574,683"/>
                    <pc:TextEquiv conf="0.927479476928711">
                        <pc:Unicode>werden</pc:Unicode>
                    </pc:TextEquiv>
                </pc:Word>
                <pc:Word id="region0011_line0004_word0004">
                    <pc:Coords points="709,645 789,645 789,687 709,687"/>
                    <pc:TextEquiv conf="0.79106071472168">
                        <pc:Unicode>auch</pc:Unicode>
                    </pc:TextEquiv>
                </pc:Word>
                <pc:Word id="region0011_line0004_word0005">
                    <pc:Coords points="797,654 873,654 873,688 797,688"/>
                    <pc:TextEquiv conf="0.928970794677734">
                        <pc:Unicode>zum</pc:Unicode>
                    </pc:TextEquiv>
                </pc:Word>
                <pc:Word id="region0011_line0004_word0006">
                    <pc:Coords points="888,642 1010,642 1010,690 888,690"/>
                    <pc:TextEquiv conf="0.519894638061523">
                        <pc:Unicode>oͤfftern</pc:Unicode>
                    </pc:TextEquiv>
                </pc:Word>
                <pc:Word id="region0011_line0004_word0007">
                    <pc:Coords points="1020,649 1066,649 1066,683 1020,683"/>
                    <pc:TextEquiv conf="0.931450729370117">
                        <pc:Unicode>die</pc:Unicode>
                    </pc:TextEquiv>
                </pc:Word>
                <pc:Word id="region0011_line0004_word0008">
                    <pc:Coords points="1079,646 1139,646 1139,680 1079,680"/>
                    <pc:TextEquiv conf="0.906973114013672">
                        <pc:Unicode>Sa-</pc:Unicode>
                    </pc:TextEquiv>
                </pc:Word>
                <pc:TextEquiv conf="0.699203041924371">
                    <pc:Unicode>Pamaſſo. gehalten/ und werden auch zum oͤfftern die Sa-</pc:Unicode>
                </pc:TextEquiv>
            </pc:TextLine>
            <pc:TextLine id="region0011_line0005">
                <pc:Coords points="324,692 1138,692 1138,747 324,747"/>
                <pc:Word id="region0011_line0005_word0000">
                    <pc:Coords points="324,695 387,695 387,738 324,738"/>
                    <pc:TextEquiv conf="0.340865631103516">
                        <pc:Unicode>tyri</pc:Unicode>
                    </pc:TextEquiv>
                </pc:Word>
                <pc:Word id="region0011_line0005_word0001">
                    <pc:Coords points="409,697 470,697 470,742 409,742"/>
                    <pc:TextEquiv conf="0.908951416015625">
                        <pc:Unicode>oder</pc:Unicode>
                    </pc:TextEquiv>
                </pc:Word>
                <pc:Word id="region0011_line0005_word0002">
                    <pc:Coords points="477,692 739,692 739,747 477,747"/>
                    <pc:TextEquiv conf="0.916857604980469">
                        <pc:Unicode>Waldgeſpenſte</pc:Unicode>
                    </pc:TextEquiv>
                </pc:Word>
                <pc:Word id="region0011_line0005_word0003">
                    <pc:Coords points="759,698 793,698 793,732 759,732"/>
                    <pc:TextEquiv conf="0.922040939331055">
                        <pc:Unicode>in</pc:Unicode>
                    </pc:TextEquiv>
                </pc:Word>
                <pc:Word id="region0011_line0005_word0004">
                    <pc:Coords points="813,693 926,693 926,742 813,742"/>
                    <pc:TextEquiv conf="0.898864669799805">
                        <pc:Unicode>groſſer</pc:Unicode>
                    </pc:TextEquiv>
                </pc:Word>
                <pc:Word id="region0011_line0005_word0005">
                    <pc:Coords points="939,694 1066,694 1066,742 939,742"/>
                    <pc:TextEquiv conf="0.898864669799805">
                        <pc:Unicode>Anzahl</pc:Unicode>
                    </pc:TextEquiv>
                </pc:Word>
                <pc:Word id="region0011_line0005_word0006">
                    <pc:Coords points="1083,699 1138,699 1138,734 1083,734"/>
                    <pc:TextEquiv conf="0.865623016357422">
                        <pc:Unicode>da⸗</pc:Unicode>
                    </pc:TextEquiv>
                </pc:Word>
                <pc:TextEquiv conf="0.821723992483957">
                    <pc:Unicode>tyri oder Waldgeſpenſte in groſſer Anzahl da⸗</pc:Unicode>
                </pc:TextEquiv>
            </pc:TextLine>
            <pc:TextLine id="region0011_line0006">
                <pc:Coords points="322,740 1138,740 1138,794 322,794"/>
                <pc:Word id="region0011_line0006_word0000">
                    <pc:Coords points="322,740 322,794 419,794 419,740"/>
                    <pc:TextEquiv conf="0.847099609375">
                        <pc:Unicode>ſelbſt</pc:Unicode>
                    </pc:TextEquiv>
                </pc:Word>
                <pc:Word id="region0011_line0006_word0001">
                    <pc:Coords points="427,740 552,740 552,788 427,788"/>
                    <pc:TextEquiv conf="0.480394668579102">
                        <pc:Unicode>geſehen</pc:Unicode>
                    </pc:TextEquiv>
                </pc:Word>
                <pc:Word id="region0011_line0006_word0002">
                    <pc:Coords points="584,749 585,749 585,780 584,780"/>
                    <pc:TextEquiv conf="0.441978378295898">
                        <pc:Unicode>/</pc:Unicode>
                    </pc:TextEquiv>
                </pc:Word>
                <pc:Word id="region0011_line0006_word0003">
                    <pc:Coords points="614,746 683,746 683,780 614,780"/>
                    <pc:TextEquiv conf="0.924342498779297">
                        <pc:Unicode>und</pc:Unicode>
                    </pc:TextEquiv>
                </pc:Word>
                <pc:Word id="region0011_line0006_word0004">
                    <pc:Coords points="702,748 828,748 828,781 702,781"/>
                    <pc:TextEquiv conf="0.920121765136719">
                        <pc:Unicode>werden</pc:Unicode>
                    </pc:TextEquiv>
                </pc:Word>
                <pc:Word id="region0011_line0006_word0005">
                    <pc:Coords points="844,746 1063,746 1063,794 844,794"/>
                    <pc:TextEquiv conf="0.920121765136719">
                        <pc:Unicode>gemeiniglich</pc:Unicode>
                    </pc:TextEquiv>
                </pc:Word>
                <pc:Word id="region0011_line0006_word0006">
                    <pc:Coords points="1078,753 1138,753 1138,791 1078,791"/>
                    <pc:TextEquiv conf="0.932011566162109">
                        <pc:Unicode>gar</pc:Unicode>
                    </pc:TextEquiv>
                </pc:Word>
                <pc:TextEquiv conf="0.780867178780692">
                    <pc:Unicode>ſelbſt geſehen / und werden gemeiniglich gar</pc:Unicode>
                </pc:TextEquiv>
            </pc:TextLine>
            <pc:TextLine id="region0011_line0007">
                <pc:Coords points="322,787 1137,787 1137,838 322,838"/>
                <pc:Word id="region0011_line0007_word0000">
                    <pc:Coords points="322,788 492,788 492,836 322,836"/>
                    <pc:TextEquiv conf="0.735296630859375">
                        <pc:Unicode>fuͤrnehme</pc:Unicode>
                    </pc:TextEquiv>
                </pc:Word>
                <pc:Word id="region0011_line0007_word0001">
                    <pc:Coords points="523,789 704,789 704,830 523,830"/>
                    <pc:TextEquiv conf="0.92219352722168">
                        <pc:Unicode>Stimmen</pc:Unicode>
                    </pc:TextEquiv>
                </pc:Word>
                <pc:Word id="region0011_line0007_word0002">
                    <pc:Coords points="736,787 874,787 874,838 736,838"/>
                    <pc:TextEquiv conf="0.887086181640625">
                        <pc:Unicode>gehoͤret.</pc:Unicode>
                    </pc:TextEquiv>
                </pc:Word>
                <pc:Word id="region0011_line0007_word0003">
                    <pc:Coords points="930,791 984,791 984,832 930,832"/>
                    <pc:TextEquiv conf="0.929478225708008">
                        <pc:Unicode>Es</pc:Unicode>
                    </pc:TextEquiv>
                </pc:Word>
                <pc:Word id="region0011_line0007_word0004">
                    <pc:Coords points="1006,795 1043,795 1043,838 1006,838"/>
                    <pc:TextEquiv conf="0.922690124511719">
                        <pc:Unicode>iſt</pc:Unicode>
                    </pc:TextEquiv>
                </pc:Word>
                <pc:Word id="region0011_line0007_word0005">
                    <pc:Coords points="1055,794 1137,794 1137,837 1055,837"/>
                    <pc:TextEquiv conf="0.929260864257813">
                        <pc:Unicode>auch</pc:Unicode>
                    </pc:TextEquiv>
                </pc:Word>
                <pc:TextEquiv conf="0.887667592366536">
                    <pc:Unicode>fuͤrnehme Stimmen gehoͤret. Es iſt auch</pc:Unicode>
                </pc:TextEquiv>
            </pc:TextLine>
            <pc:TextEquiv conf="0.785180095367962">
                <pc:Unicode>ten von Blath b. ſaget. Auff dem Berge Parnaſſoin
den Wald Boëtia, welcher dem Apollini conſecriret und
Geſpen, zugeeignet iſt / wird allewege ein Jahr uͤmbs an⸗
. de der dasFeſt Bachanalien oder collen Faſtnachte
Pamaſſo. gehalten/ und werden auch zum oͤfftern die Sa-
tyri oder Waldgeſpenſte in groſſer Anzahl da⸗
ſelbſt geſehen / und werden gemeiniglich gar
fuͤrnehme Stimmen gehoͤret. Es iſt auch</pc:Unicode>
            </pc:TextEquiv>
        </pc:TextRegion>
        <pc:TextRegion id="region0012" orientation="-0.089855107244944" readingDirection="left-to-right" textLineOrder="top-to-bottom">
            <pc:Coords points="145,837 1137,837 1137,931 145,931"/>
            <pc:TextLine id="region0012_line0000">
                <pc:Coords points="145,837 1137,837 1137,913 145,913"/>
                <pc:Word id="region0012_line0000_word0000">
                    <pc:Coords points="145,845 292,845 292,878 145,878"/>
                    <pc:TextEquiv conf="0.895976638793945">
                        <pc:Unicode>Macrob.</pc:Unicode>
                    </pc:TextEquiv>
                </pc:Word>
                <pc:Word id="region0012_line0000_word0001">
                    <pc:Coords points="320,838 472,838 472,886 320,886"/>
                    <pc:TextEquiv conf="0.906847915649414">
                        <pc:Unicode>offtmals</pc:Unicode>
                    </pc:TextEquiv>
                </pc:Word>
                <pc:Word id="region0012_line0000_word0002">
                    <pc:Coords points="481,843 531,843 531,879 481,879"/>
                    <pc:TextEquiv conf="0.919779663085938">
                        <pc:Unicode>ein</pc:Unicode>
                    </pc:TextEquiv>
                </pc:Word>
                <pc:Word id="region0012_line0000_word0003">
                    <pc:Coords points="540,838 655,838 655,888 540,888"/>
                    <pc:TextEquiv conf="0.927832565307617">
                        <pc:Unicode>Klang</pc:Unicode>
                    </pc:TextEquiv>
                </pc:Word>
                <pc:Word id="region0012_line0000_word0004">
                    <pc:Coords points="663,849 734,849 734,880 663,880"/>
                    <pc:TextEquiv conf="0.927832565307617">
                        <pc:Unicode>von</pc:Unicode>
                    </pc:TextEquiv>
                </pc:Word>
                <pc:Word id="region0012_line0000_word0005">
                    <pc:Coords points="743,841 894,841 894,882 743,882"/>
                    <pc:TextEquiv conf="0.930320434570313">
                        <pc:Unicode>Cimbeln</pc:Unicode>
                    </pc:TextEquiv>
                </pc:Word>
                <pc:Word id="region0012_line0000_word0006">
                    <pc:Coords points="910,840 1036,840 1036,890 910,890"/>
                    <pc:TextEquiv conf="0.867069091796875">
                        <pc:Unicode>gehoͤret</pc:Unicode>
                    </pc:TextEquiv>
                </pc:Word>
                <pc:Word id="region0012_line0000_word0007">
                    <pc:Coords points="1056,837 1137,837 1137,913 1056,913"/>
                    <pc:TextEquiv conf="0.842714996337891">
                        <pc:Unicode>wor⸗</pc:Unicode>
                    </pc:TextEquiv>
                </pc:Word>
                <pc:TextEquiv conf="0.902296733856201">
                    <pc:Unicode>Macrob. offtmals ein Klang von Cimbeln gehoͤret wor⸗</pc:Unicode>
                </pc:TextEquiv>
            </pc:TextLine>
            <pc:TextLine id="region0012_line0001">
                <pc:Coords points="145,891 393,891 393,931 145,931"/>
                <pc:Word id="region0012_line0001_word0000">
                    <pc:Coords points="145,891 257,891 257,920 145,920"/>
                    <pc:TextEquiv conf="0.698557281494141">
                        <pc:Unicode>Saturn,</pc:Unicode>
                    </pc:TextEquiv>
                </pc:Word>
                <pc:Word id="region0012_line0001_word0001">
                    <pc:Coords points="282,898 305,898 305,918 282,918"/>
                    <pc:TextEquiv conf="0.912126159667969">
                        <pc:Unicode>c.</pc:Unicode>
                    </pc:TextEquiv>
                </pc:Word>
                <pc:Word id="region0012_line0001_word0002">
                    <pc:Coords points="320,891 393,891 393,931 320,931"/>
                    <pc:TextEquiv conf="0.904648132324219">
                        <pc:Unicode>den.</pc:Unicode>
                    </pc:TextEquiv>
                </pc:Word>
                <pc:TextEquiv conf="0.838443857828776">
                    <pc:Unicode>Saturn, c. den.</pc:Unicode>
                </pc:TextEquiv>
            </pc:TextLine>
            <pc:TextEquiv conf="0.870370295842488">
                <pc:Unicode>Macrob. offtmals ein Klang von Cimbeln gehoͤret wor⸗
Saturn, c. den.</pc:Unicode>
            </pc:TextEquiv>
        </pc:TextRegion>
        <pc:TextRegion id="region0013" orientation="-0.089855107244944" readingDirection="left-to-right" textLineOrder="top-to-bottom">
            <pc:Coords points="145,934 1175,934 1175,1782 145,1782"/>
            <pc:TextLine id="region0013_line0000">
                <pc:Coords points="145,934 451,934 451,963 145,963"/>
                <pc:Word id="region0013_line0000_word0000">
                    <pc:Coords points="145,934 188,934 188,963 145,963"/>
                    <pc:TextEquiv conf="0.">
                        <pc:Unicode>190</pc:Unicode>
                    </pc:TextEquiv>
                </pc:Word>
                <pc:Word id="region0013_line0000_word0001">
                    <pc:Coords points="436,934 451,934 451,945 436,945"/>
                    <pc:TextEquiv conf="0.">
                        <pc:Unicode>8</pc:Unicode>
                    </pc:TextEquiv>
                </pc:Word>
                <pc:TextEquiv conf="1.">
                    <pc:Unicode>190 8</pc:Unicode>
                </pc:TextEquiv>
            </pc:TextLine>
            <pc:TextLine id="region0013_line0001">
                <pc:Coords points="374,953 1174,953 1174,1012 374,1012"/>
                <pc:Word id="region0013_line0001_word0000">
                    <pc:Coords points="526,953 374,953 374,1012 526,1012"/>
                    <pc:TextEquiv conf="0.903042068481445">
                        <pc:Unicode>Unſern</pc:Unicode>
                    </pc:TextEquiv>
                </pc:Word>
                <pc:Word id="region0013_line0001_word0001">
                    <pc:Coords points="541,966 619,966 619,1008 541,1008"/>
                    <pc:TextEquiv conf="0.928669586181641">
                        <pc:Unicode>von</pc:Unicode>
                    </pc:TextEquiv>
                </pc:Word>
                <pc:Word id="region0013_line0001_word0002">
                    <pc:Coords points="652,961 713,961 713,1008 652,1008"/>
                    <pc:TextEquiv conf="0.928456268310547">
                        <pc:Unicode>der</pc:Unicode>
                    </pc:TextEquiv>
                </pc:Word>
                <pc:Word id="region0013_line0001_word0003">
                    <pc:Coords points="737,957 870,957 870,1009 737,1009"/>
                    <pc:TextEquiv conf="0.926209945678711">
                        <pc:Unicode>Stadt</pc:Unicode>
                    </pc:TextEquiv>
                </pc:Word>
                <pc:Word id="region0013_line0001_word0004">
                    <pc:Coords points="899,955 1041,955 1041,1009 899,1009"/>
                    <pc:TextEquiv conf="0.794822845458984">
                        <pc:Unicode>Lucern</pc:Unicode>
                    </pc:TextEquiv>
                </pc:Word>
                <pc:Word id="region0013_line0001_word0005">
                    <pc:Coords points="1078,958 1174,958 1174,1009 1078,1009"/>
                    <pc:TextEquiv conf="0.91244499206543">
                        <pc:Unicode>im</pc:Unicode>
                    </pc:TextEquiv>
                </pc:Word>
                <pc:TextEquiv conf="0.89894095102946">
                    <pc:Unicode>Unſern von der Stadt Lucern im</pc:Unicode>
                </pc:TextEquiv>
            </pc:TextLine>
            <pc:TextLine id="region0013_line0002">
                <pc:Coords points="322,1007 1175,1007 1175,1075 322,1075"/>
                <pc:Word id="region0013_line0002_word0000">
                    <pc:Coords points="322,1013 578,1013 578,1075 322,1075"/>
                    <pc:TextEquiv conf="0.644803619384766">
                        <pc:Unicode>Schweitzer⸗</pc:Unicode>
                    </pc:TextEquiv>
                </pc:Word>
                <pc:Word id="region0013_line0002_word0001">
                    <pc:Coords points="603,1015 732,1015 732,1068 603,1068"/>
                    <pc:TextEquiv conf="0.644803619384766">
                        <pc:Unicode>Land</pc:Unicode>
                    </pc:TextEquiv>
                </pc:Word>
                <pc:Word id="region0013_line0002_word0002">
                    <pc:Coords points="727,1009 708,1009 708,1075 727,1075"/>
                    <pc:TextEquiv conf="0.777186508178711">
                        <pc:Unicode>/</pc:Unicode>
                    </pc:TextEquiv>
                </pc:Word>
                <pc:Word id="region0013_line0002_word0003">
                    <pc:Coords points="744,1019 781,1019 781,1063 744,1063"/>
                    <pc:TextEquiv conf="0.777186508178711">
                        <pc:Unicode>iſt</pc:Unicode>
                    </pc:TextEquiv>
                </pc:Word>
                <pc:Word id="region0013_line0002_word0004">
                    <pc:Coords points="809,1022 860,1022 860,1056 809,1056"/>
                    <pc:TextEquiv conf="0.929691772460937">
                        <pc:Unicode>ein</pc:Unicode>
                    </pc:TextEquiv>
                </pc:Word>
                <pc:Word id="region0013_line0002_word0005">
                    <pc:Coords points="894,1016 1009,1016 1009,1065 894,1065"/>
                    <pc:TextEquiv conf="0.916701812744141">
                        <pc:Unicode>rauher</pc:Unicode>
                    </pc:TextEquiv>
                </pc:Word>
                <pc:Word id="region0013_line0002_word0006">
                    <pc:Coords points="1038,1014 1135,1014 1135,1064 1038,1064"/>
                    <pc:TextEquiv conf="0.921429443359375">
                        <pc:Unicode>hoher</pc:Unicode>
                    </pc:TextEquiv>
                </pc:Word>
                <pc:Word id="region0013_line0002_word0007">
                    <pc:Coords points="1172,1007 1175,1007 1175,1037 1172,1037"/>
                    <pc:TextEquiv conf="0.077525634765625">
                        <pc:Unicode>0</pc:Unicode>
                    </pc:TextEquiv>
                </pc:Word>
                <pc:TextEquiv conf="0.711166114807129">
                    <pc:Unicode>Schweitzer⸗ Land / iſt ein rauher hoher 0</pc:Unicode>
                </pc:TextEquiv>
            </pc:TextLine>
            <pc:TextLine id="region0013_line0003">
                <pc:Coords points="203,1072 1136,1072 1136,1130 203,1130"/>
                <pc:Word id="region0013_line0003_word0000">
                    <pc:Coords points="203,1079 234,1079 234,1117 203,1117"/>
                    <pc:TextEquiv conf="0.354705505371094">
                        <pc:Unicode>S.</pc:Unicode>
                    </pc:TextEquiv>
                </pc:Word>
                <pc:Word id="region0013_line0003_word0001">
                    <pc:Coords points="263,1073 293,1073 293,1109 263,1109"/>
                    <pc:TextEquiv conf="0.826805419921875">
                        <pc:Unicode>2.</pc:Unicode>
                    </pc:TextEquiv>
                </pc:Word>
                <pc:Word id="region0013_line0003_word0002">
                    <pc:Coords points="323,1073 456,1073 456,1122 323,1122"/>
                    <pc:TextEquiv conf="0.912590789794922">
                        <pc:Unicode>Berg</pc:Unicode>
                    </pc:TextEquiv>
                </pc:Word>
                <pc:Word id="region0013_line0003_word0003">
                    <pc:Coords points="460,1072 442,1072 442,1130 460,1130"/>
                    <pc:TextEquiv conf="0.873684997558594">
                        <pc:Unicode>/</pc:Unicode>
                    </pc:TextEquiv>
                </pc:Word>
                <pc:Word id="region0013_line0003_word0004">
                    <pc:Coords points="486,1081 547,1081 547,1114 486,1114"/>
                    <pc:TextEquiv conf="0.932344512939453">
                        <pc:Unicode>den</pc:Unicode>
                    </pc:TextEquiv>
                </pc:Word>
                <pc:Word id="region0013_line0003_word0005">
                    <pc:Coords points="579,1080 633,1080 633,1116 579,1116"/>
                    <pc:TextEquiv conf="0.931300048828125">
                        <pc:Unicode>die</pc:Unicode>
                    </pc:TextEquiv>
                </pc:Word>
                <pc:Word id="region0013_line0003_word0006">
                    <pc:Coords points="646,1077 836,1077 836,1125 646,1125"/>
                    <pc:TextEquiv conf="0.917756500244141">
                        <pc:Unicode>Inwohner</pc:Unicode>
                    </pc:TextEquiv>
                </pc:Word>
                <pc:Word id="region0013_line0003_word0007">
                    <pc:Coords points="861,1072 1136,1072 1136,1130 861,1130"/>
                    <pc:TextEquiv conf="0.840339431762695">
                        <pc:Unicode>Frack⸗mont</pc:Unicode>
                    </pc:TextEquiv>
                </pc:Word>
                <pc:TextEquiv conf="0.823690900802612">
                    <pc:Unicode>S. 2. Berg / den die Inwohner Frack⸗mont</pc:Unicode>
                </pc:TextEquiv>
            </pc:TextLine>
            <pc:TextLine id="region0013_line0004">
                <pc:Coords points="167,1115 1136,1115 1136,1188 167,1188"/>
                <pc:Word id="region0013_line0004_word0000">
                    <pc:Coords points="167,1123 252,1123 252,1156 167,1156"/>
                    <pc:TextEquiv conf="0.9013916015625">
                        <pc:Unicode>Rave</pc:Unicode>
                    </pc:TextEquiv>
                </pc:Word>
                <pc:Word id="region0013_line0004_word0001">
                    <pc:Coords points="278,1126 307,1126 307,1153 278,1153"/>
                    <pc:TextEquiv conf="0.926924819946289">
                        <pc:Unicode>in</pc:Unicode>
                    </pc:TextEquiv>
                </pc:Word>
                <pc:Word id="region0013_line0004_word0002">
                    <pc:Coords points="321,1130 403,1130 403,1181 321,1181"/>
                    <pc:TextEquiv conf="0.901325302124023">
                        <pc:Unicode>oder</pc:Unicode>
                    </pc:TextEquiv>
                </pc:Word>
                <pc:Word id="region0013_line0004_word0003">
                    <pc:Coords points="420,1115 604,1115 604,1188 420,1188"/>
                    <pc:TextEquiv conf="0.901325302124023">
                        <pc:Unicode>Frackberg</pc:Unicode>
                    </pc:TextEquiv>
                </pc:Word>
                <pc:Word id="region0013_line0004_word0004">
                    <pc:Coords points="614,1130 843,1130 843,1175 614,1175"/>
                    <pc:TextEquiv conf="0.930964050292969">
                        <pc:Unicode>nennen</pc:Unicode>
                    </pc:TextEquiv>
                </pc:Word>
                <pc:Word id="region0013_line0004_word0005">
                    <pc:Coords points="743,1122 758,1122 758,1179 743,1179"/>
                    <pc:TextEquiv conf="0.894622497558594">
                        <pc:Unicode>/</pc:Unicode>
                    </pc:TextEquiv>
                </pc:Word>
                <pc:Word id="region0013_line0004_word0006">
                    <pc:Coords points="771,1130 838,1130 838,1175 771,1175"/>
                    <pc:TextEquiv conf="0.894622497558594">
                        <pc:Unicode>auff</pc:Unicode>
                    </pc:TextEquiv>
                </pc:Word>
                <pc:Word id="region0013_line0004_word0007">
                    <pc:Coords points="850,1127 960,1127 960,1173 850,1173"/>
                    <pc:TextEquiv conf="0.925812759399414">
                        <pc:Unicode>dieſem</pc:Unicode>
                    </pc:TextEquiv>
                </pc:Word>
                <pc:Word id="region0013_line0004_word0008">
                    <pc:Coords points="974,1128 1136,1128 1136,1175 974,1175"/>
                    <pc:TextEquiv conf="0.917214431762695">
                        <pc:Unicode>Berge</pc:Unicode>
                    </pc:TextEquiv>
                </pc:Word>
                <pc:Word id="region0013_line0004_word0009">
                    <pc:Coords points="1089,1122 1089,1179 1136,1179 1136,1122"/>
                    <pc:TextEquiv conf="0.923984756469727">
                        <pc:Unicode>iſt</pc:Unicode>
                    </pc:TextEquiv>
                </pc:Word>
                <pc:TextEquiv conf="0.911818801879883">
                    <pc:Unicode>Rave in oder Frackberg nennen / auff dieſem Berge iſt</pc:Unicode>
                </pc:TextEquiv>
            </pc:TextLine>
            <pc:TextLine id="region0013_line0005">
                <pc:Coords points="146,1174 1135,1174 1135,1238 146,1238"/>
                <pc:Word id="region0013_line0005_word0000">
                    <pc:Coords points="146,1174 270,1174 270,1238 146,1238"/>
                    <pc:TextEquiv conf="0.440351448059082">
                        <pc:Unicode>—</pc:Unicode>
                    </pc:TextEquiv>
                </pc:Word>
                <pc:Word id="region0013_line0005_word0001">
                    <pc:Coords points="281,1176 306,1176 306,1197 281,1197"/>
                    <pc:TextEquiv conf="0.">
                        <pc:Unicode>e</pc:Unicode>
                    </pc:TextEquiv>
                </pc:Word>
                <pc:Word id="region0013_line0005_word0002">
                    <pc:Coords points="318,1178 368,1178 368,1217 318,1217"/>
                    <pc:TextEquiv conf="0.812458343505859">
                        <pc:Unicode>ein</pc:Unicode>
                    </pc:TextEquiv>
                </pc:Word>
                <pc:Word id="region0013_line0005_word0003">
                    <pc:Coords points="376,1180 487,1180 487,1226 376,1226"/>
                    <pc:TextEquiv conf="0.892823333740234">
                        <pc:Unicode>groſſer</pc:Unicode>
                    </pc:TextEquiv>
                </pc:Word>
                <pc:Word id="region0013_line0005_word0004">
                    <pc:Coords points="495,1180 662,1180 662,1226 495,1226"/>
                    <pc:TextEquiv conf="0.923123626708984">
                        <pc:Unicode>ſchwartzer</pc:Unicode>
                    </pc:TextEquiv>
                </pc:Word>
                <pc:Word id="region0013_line0005_word0005">
                    <pc:Coords points="675,1180 1135,1180 1135,1230 675,1230"/>
                    <pc:TextEquiv conf="0.889624938964844">
                        <pc:Unicode>ſtehender</pc:Unicode>
                    </pc:TextEquiv>
                </pc:Word>
                <pc:Word id="region0013_line0005_word0006">
                    <pc:Coords points="845,1234 898,1234 898,1174 845,1174"/>
                    <pc:TextEquiv conf="0.837808990478516">
                        <pc:Unicode>See</pc:Unicode>
                    </pc:TextEquiv>
                </pc:Word>
                <pc:Word id="region0013_line0005_word0007">
                    <pc:Coords points="907,1234 923,1234 923,1174 907,1174"/>
                    <pc:TextEquiv conf="0.837808990478516">
                        <pc:Unicode>/</pc:Unicode>
                    </pc:TextEquiv>
                </pc:Word>
                <pc:Word id="region0013_line0005_word0008">
                    <pc:Coords points="933,1180 1135,1180 1135,1230 933,1230"/>
                    <pc:TextEquiv conf="0.827646484375">
                        <pc:Unicode>allenthalben</pc:Unicode>
                    </pc:TextEquiv>
                </pc:Word>
                <pc:TextEquiv conf="0.829071795145671">
                    <pc:Unicode>— e ein groſſer ſchwartzer ſtehender See / allenthalben</pc:Unicode>
                </pc:TextEquiv>
            </pc:TextLine>
            <pc:TextLine id="region0013_line0006">
                <pc:Coords points="147,1215 1135,1215 1135,1281 147,1281"/>
                <pc:Word id="region0013_line0006_word0000">
                    <pc:Coords points="147,1215 247,1215 247,1281 147,1281"/>
                    <pc:TextEquiv conf="0.198839492797852">
                        <pc:Unicode>Ven.</pc:Unicode>
                    </pc:TextEquiv>
                </pc:Word>
                <pc:Word id="region0013_line0006_word0001">
                    <pc:Coords points="246,1248 306,1248 306,1279 246,1279"/>
                    <pc:TextEquiv conf="0.929831466674805">
                        <pc:Unicode>dem</pc:Unicode>
                    </pc:TextEquiv>
                </pc:Word>
                <pc:Word id="region0013_line0006_word0002">
                    <pc:Coords points="364,1226 318,1226 318,1281 364,1281"/>
                    <pc:TextEquiv conf="0.921793899536133">
                        <pc:Unicode>mit</pc:Unicode>
                    </pc:TextEquiv>
                </pc:Word>
                <pc:Word id="region0013_line0006_word0003">
                    <pc:Coords points="392,1234 477,1234 477,1270 392,1270"/>
                    <pc:TextEquiv conf="0.922097549438477">
                        <pc:Unicode>einem</pc:Unicode>
                    </pc:TextEquiv>
                </pc:Word>
                <pc:Word id="region0013_line0006_word0004">
                    <pc:Coords points="497,1230 627,1230 627,1277 497,1277"/>
                    <pc:TextEquiv conf="0.534400978088379">
                        <pc:Unicode>ſinſtern</pc:Unicode>
                    </pc:TextEquiv>
                </pc:Word>
                <pc:Word id="region0013_line0006_word0005">
                    <pc:Coords points="635,1230 743,1230 743,1271 635,1271"/>
                    <pc:TextEquiv conf="0.931851425170898">
                        <pc:Unicode>Wald</pc:Unicode>
                    </pc:TextEquiv>
                </pc:Word>
                <pc:Word id="region0013_line0006_word0006">
                    <pc:Coords points="753,1231 1079,1231 1079,1280 753,1280"/>
                    <pc:TextEquiv conf="0.826197738647461">
                        <pc:Unicode>uͤmbzogen</pc:Unicode>
                    </pc:TextEquiv>
                </pc:Word>
                <pc:Word id="region0013_line0006_word0007">
                    <pc:Coords points="937,1226 922,1226 922,1281 937,1281"/>
                    <pc:TextEquiv conf="0.921576843261719">
                        <pc:Unicode>/</pc:Unicode>
                    </pc:TextEquiv>
                </pc:Word>
                <pc:Word id="region0013_line0006_word0008">
                    <pc:Coords points="957,1231 1072,1231 1072,1280 957,1280"/>
                    <pc:TextEquiv conf="0.921576843261719">
                        <pc:Unicode>welchen</pc:Unicode>
                    </pc:TextEquiv>
                </pc:Word>
                <pc:Word id="region0013_line0006_word0009">
                    <pc:Coords points="1087,1237 1135,1237 1135,1274 1087,1274"/>
                    <pc:TextEquiv conf="0.929577865600586">
                        <pc:Unicode>die</pc:Unicode>
                    </pc:TextEquiv>
                </pc:Word>
                <pc:TextEquiv conf="0.803774410247803">
                    <pc:Unicode>Ven. dem mit einem ſinſtern Wald uͤmbzogen / welchen die</pc:Unicode>
                </pc:TextEquiv>
            </pc:TextLine>
            <pc:TextLine id="region0013_line0007">
                <pc:Coords points="147,1277 1168,1277 1168,1330 147,1330"/>
                <pc:Word id="region0013_line0007_word0000">
                    <pc:Coords points="147,1286 287,1286 287,1327 147,1327"/>
                    <pc:TextEquiv conf="0.06095947265625">
                        <pc:Unicode>Fracken,</pc:Unicode>
                    </pc:TextEquiv>
                </pc:Word>
                <pc:Word id="region0013_line0007_word0001">
                    <pc:Coords points="320,1277 406,1277 406,1319 320,1319"/>
                    <pc:TextEquiv conf="0.891987686157227">
                        <pc:Unicode>Leute</pc:Unicode>
                    </pc:TextEquiv>
                </pc:Word>
                <pc:Word id="region0013_line0007_word0002">
                    <pc:Coords points="667,1277 432,1277 432,1330 667,1330"/>
                    <pc:TextEquiv conf="0.891987686157227">
                        <pc:Unicode>Pilgtus⸗See</pc:Unicode>
                    </pc:TextEquiv>
                </pc:Word>
                <pc:Word id="region0013_line0007_word0003">
                    <pc:Coords points="795,1277 686,1277 686,1330 795,1330"/>
                    <pc:TextEquiv conf="0.927444915771484">
                        <pc:Unicode>nennen</pc:Unicode>
                    </pc:TextEquiv>
                </pc:Word>
                <pc:Word id="region0013_line0007_word0004">
                    <pc:Coords points="819,1290 835,1290 835,1321 819,1321"/>
                    <pc:TextEquiv conf="0.921652908325195">
                        <pc:Unicode>/</pc:Unicode>
                    </pc:TextEquiv>
                </pc:Word>
                <pc:Word id="region0013_line0007_word0005">
                    <pc:Coords points="896,1277 849,1277 849,1330 896,1330"/>
                    <pc:TextEquiv conf="0.921652908325195">
                        <pc:Unicode>und</pc:Unicode>
                    </pc:TextEquiv>
                </pc:Word>
                <pc:Word id="region0013_line0007_word0006">
                    <pc:Coords points="915,1283 1031,1283 1031,1321 915,1321"/>
                    <pc:TextEquiv conf="0.872780685424805">
                        <pc:Unicode>bleibet</pc:Unicode>
                    </pc:TextEquiv>
                </pc:Word>
                <pc:Word id="region0013_line0007_word0007">
                    <pc:Coords points="1047,1302 1168,1302 1168,1306 1047,1306"/>
                    <pc:TextEquiv conf="0.664862365722656">
                        <pc:Unicode>dieſer</pc:Unicode>
                    </pc:TextEquiv>
                </pc:Word>
                <pc:TextEquiv conf="0.769166078567505">
                    <pc:Unicode>Fracken, Leute Pilgtus⸗See nennen / und bleibet dieſer</pc:Unicode>
                </pc:TextEquiv>
            </pc:TextLine>
            <pc:TextLine id="region0013_line0008">
                <pc:Coords points="148,1329 1135,1329 1135,1401 148,1401"/>
                <pc:Word id="region0013_line0008_word0000">
                    <pc:Coords points="148,1329 227,1329 227,1401 148,1401"/>
                    <pc:TextEquiv conf="0.">
                        <pc:Unicode>Eerg.</pc:Unicode>
                    </pc:TextEquiv>
                </pc:Word>
                <pc:Word id="region0013_line0008_word0001">
                    <pc:Coords points="239,1329 287,1329 287,1369 239,1369"/>
                    <pc:TextEquiv conf="0.922837829589844">
                        <pc:Unicode>bey</pc:Unicode>
                    </pc:TextEquiv>
                </pc:Word>
                <pc:Word id="region0013_line0008_word0002">
                    <pc:Coords points="320,1388 378,1388 378,1329 320,1329"/>
                    <pc:TextEquiv conf="0.689783325195312">
                        <pc:Unicode>See</pc:Unicode>
                    </pc:TextEquiv>
                </pc:Word>
                <pc:Word id="region0013_line0008_word0003">
                    <pc:Coords points="400,1338 500,1338 500,1382 400,1382"/>
                    <pc:TextEquiv conf="0.689783325195312">
                        <pc:Unicode>allzeit</pc:Unicode>
                    </pc:TextEquiv>
                </pc:Word>
                <pc:Word id="region0013_line0008_word0004">
                    <pc:Coords points="517,1337 625,1337 625,1380 517,1380"/>
                    <pc:TextEquiv conf="0.915758514404297">
                        <pc:Unicode>gleiche</pc:Unicode>
                    </pc:TextEquiv>
                </pc:Word>
                <pc:Word id="region0013_line0008_word0005">
                    <pc:Coords points="640,1338 705,1338 705,1382 640,1382"/>
                    <pc:TextEquiv conf="0.908321151733398">
                        <pc:Unicode>groß</pc:Unicode>
                    </pc:TextEquiv>
                </pc:Word>
                <pc:Word id="region0013_line0008_word0006">
                    <pc:Coords points="720,1343 726,1343 726,1372 720,1372"/>
                    <pc:TextEquiv conf="0.813868408203125">
                        <pc:Unicode>/</pc:Unicode>
                    </pc:TextEquiv>
                </pc:Word>
                <pc:Word id="region0013_line0008_word0007">
                    <pc:Coords points="747,1336 790,1336 790,1384 747,1384"/>
                    <pc:TextEquiv conf="0.89161979675293">
                        <pc:Unicode>hat</pc:Unicode>
                    </pc:TextEquiv>
                </pc:Word>
                <pc:Word id="region0013_line0008_word0008">
                    <pc:Coords points="805,1338 902,1338 902,1376 805,1376"/>
                    <pc:TextEquiv conf="0.897622451782227">
                        <pc:Unicode>keinen</pc:Unicode>
                    </pc:TextEquiv>
                </pc:Word>
                <pc:Word id="region0013_line0008_word0009">
                    <pc:Coords points="913,1336 1135,1336 1135,1384 913,1384"/>
                    <pc:TextEquiv conf="0.209222259521484">
                        <pc:Unicode>Einflußoder</pc:Unicode>
                    </pc:TextEquiv>
                </pc:Word>
                <pc:TextEquiv conf="0.793881706237793">
                    <pc:Unicode>Eerg. bey See allzeit gleiche groß / hat keinen Einflußoder</pc:Unicode>
                </pc:TextEquiv>
            </pc:TextLine>
            <pc:TextLine id="region0013_line0009">
                <pc:Coords points="147,1370 1133,1370 1133,1450 147,1450"/>
                <pc:Word id="region0013_line0009_word0000">
                    <pc:Coords points="147,1370 287,1370 287,1450 147,1450"/>
                    <pc:TextEquiv conf="0.">
                        <pc:Unicode>Schwen⸗</pc:Unicode>
                    </pc:TextEquiv>
                </pc:Word>
                <pc:Word id="region0013_line0009_word0001">
                    <pc:Coords points="268,1375 306,1375 306,1400 268,1400"/>
                    <pc:TextEquiv conf="0.813734893798828">
                        <pc:Unicode>un</pc:Unicode>
                    </pc:TextEquiv>
                </pc:Word>
                <pc:Word id="region0013_line0009_word0002">
                    <pc:Coords points="319,1383 595,1383 595,1431 319,1431"/>
                    <pc:TextEquiv conf="0.865665283203125">
                        <pc:Unicode>Außfluß</pc:Unicode>
                    </pc:TextEquiv>
                </pc:Word>
                <pc:Word id="region0013_line0009_word0003">
                    <pc:Coords points="473,1371 490,1371 490,1437 473,1437"/>
                    <pc:TextEquiv conf="0.871548156738281">
                        <pc:Unicode>/</pc:Unicode>
                    </pc:TextEquiv>
                </pc:Word>
                <pc:Word id="region0013_line0009_word0004">
                    <pc:Coords points="500,1383 589,1383 589,1431 500,1431"/>
                    <pc:TextEquiv conf="0.779296112060547">
                        <pc:Unicode>nimbt</pc:Unicode>
                    </pc:TextEquiv>
                </pc:Word>
                <pc:Word id="region0013_line0009_word0005">
                    <pc:Coords points="605,1385 833,1385 833,1429 605,1429"/>
                    <pc:TextEquiv conf="0.905173110961914">
                        <pc:Unicode>nichts</pc:Unicode>
                    </pc:TextEquiv>
                </pc:Word>
                <pc:Word id="region0013_line0009_word0006">
                    <pc:Coords points="720,1371 754,1371 754,1437 720,1437"/>
                    <pc:TextEquiv conf="0.823179168701172">
                        <pc:Unicode>zu</pc:Unicode>
                    </pc:TextEquiv>
                </pc:Word>
                <pc:Word id="region0013_line0009_word0007">
                    <pc:Coords points="770,1385 831,1385 831,1429 770,1429"/>
                    <pc:TextEquiv conf="0.823179168701172">
                        <pc:Unicode>oder</pc:Unicode>
                    </pc:TextEquiv>
                </pc:Word>
                <pc:Word id="region0013_line0009_word0008">
                    <pc:Coords points="846,1388 906,1388 906,1425 846,1425"/>
                    <pc:TextEquiv conf="0.90260139465332">
                        <pc:Unicode>ab</pc:Unicode>
                    </pc:TextEquiv>
                </pc:Word>
                <pc:Word id="region0013_line0009_word0009">
                    <pc:Coords points="902,1371 919,1371 919,1437 902,1437"/>
                    <pc:TextEquiv conf="0.90260139465332">
                        <pc:Unicode>/</pc:Unicode>
                    </pc:TextEquiv>
                </pc:Word>
                <pc:Word id="region0013_line0009_word0010">
                    <pc:Coords points="933,1392 1001,1392 1001,1425 933,1425"/>
                    <pc:TextEquiv conf="0.92317756652832">
                        <pc:Unicode>und</pc:Unicode>
                    </pc:TextEquiv>
                </pc:Word>
                <pc:Word id="region0013_line0009_word0011">
                    <pc:Coords points="1012,1371 1058,1371 1058,1437 1012,1437"/>
                    <pc:TextEquiv conf="0.923323211669922">
                        <pc:Unicode>hat</pc:Unicode>
                    </pc:TextEquiv>
                </pc:Word>
                <pc:Word id="region0013_line0009_word0012">
                    <pc:Coords points="1083,1391 1133,1391 1133,1426 1083,1426"/>
                    <pc:TextEquiv conf="0.924869689941406">
                        <pc:Unicode>ein</pc:Unicode>
                    </pc:TextEquiv>
                </pc:Word>
                <pc:TextEquiv conf="0.881411473200871">
                    <pc:Unicode>Schwen⸗ un Außfluß / nimbt nichts zu oder ab / und hat ein</pc:Unicode>
                </pc:TextEquiv>
            </pc:TextLine>
            <pc:TextLine id="region0013_line0010">
                <pc:Coords points="146,1426 1134,1426 1134,1493 146,1493"/>
                <pc:Word id="region0013_line0010_word0000">
                    <pc:Coords points="146,1426 194,1426 194,1493 146,1493"/>
                    <pc:TextEquiv conf="0.877283248901367">
                        <pc:Unicode>tzer</pc:Unicode>
                    </pc:TextEquiv>
                </pc:Word>
                <pc:Word id="region0013_line0010_word0001">
                    <pc:Coords points="215,1483 304,1483 304,1426 215,1426"/>
                    <pc:TextEquiv conf="0.927251434326172">
                        <pc:Unicode>Land.</pc:Unicode>
                    </pc:TextEquiv>
                </pc:Word>
                <pc:Word id="region0013_line0010_word0002">
                    <pc:Coords points="321,1487 503,1487 503,1426 321,1426"/>
                    <pc:TextEquiv conf="0.843865051269531">
                        <pc:Unicode>graͤuliches</pc:Unicode>
                    </pc:TextEquiv>
                </pc:Word>
                <pc:Word id="region0013_line0010_word0003">
                    <pc:Coords points="519,1433 661,1433 661,1480 519,1480"/>
                    <pc:TextEquiv conf="0.843865051269531">
                        <pc:Unicode>Anſehen.</pc:Unicode>
                    </pc:TextEquiv>
                </pc:Word>
                <pc:Word id="region0013_line0010_word0004">
                    <pc:Coords points="666,1434 845,1434 845,1482 666,1482"/>
                    <pc:TextEquiv conf="0.854994354248047">
                        <pc:Unicode>Und</pc:Unicode>
                    </pc:TextEquiv>
                </pc:Word>
                <pc:Word id="region0013_line0010_word0005">
                    <pc:Coords points="750,1487 794,1487 794,1426 750,1426"/>
                    <pc:TextEquiv conf="0.895007781982422">
                        <pc:Unicode>iſt</pc:Unicode>
                    </pc:TextEquiv>
                </pc:Word>
                <pc:Word id="region0013_line0010_word0006">
                    <pc:Coords points="810,1487 860,1487 860,1426 810,1426"/>
                    <pc:TextEquiv conf="0.895007781982422">
                        <pc:Unicode>die</pc:Unicode>
                    </pc:TextEquiv>
                </pc:Word>
                <pc:Word id="region0013_line0010_word0007">
                    <pc:Coords points="854,1435 1134,1435 1134,1482 854,1482"/>
                    <pc:TextEquiv conf="0.924710464477539">
                        <pc:Unicode>Sage</pc:Unicode>
                    </pc:TextEquiv>
                </pc:Word>
                <pc:Word id="region0013_line0010_word0008">
                    <pc:Coords points="964,1487 981,1487 981,1426 964,1426"/>
                    <pc:TextEquiv conf="0.924710464477539">
                        <pc:Unicode>/</pc:Unicode>
                    </pc:TextEquiv>
                </pc:Word>
                <pc:Word id="region0013_line0010_word0009">
                    <pc:Coords points="997,1435 1134,1435 1134,1482 997,1482"/>
                    <pc:TextEquiv conf="0.897966766357422">
                        <pc:Unicode>nachdem</pc:Unicode>
                    </pc:TextEquiv>
                </pc:Word>
                <pc:TextEquiv conf="0.888466239929199">
                    <pc:Unicode>tzer Land. graͤuliches Anſehen. Und iſt die Sage / nachdem</pc:Unicode>
                </pc:TextEquiv>
            </pc:TextLine>
            <pc:TextLine id="region0013_line0011">
                <pc:Coords points="147,1484 1133,1484 1133,1534 147,1534"/>
                <pc:Word id="region0013_line0011_word0000">
                    <pc:Coords points="147,1489 285,1489 285,1527 147,1527"/>
                    <pc:TextEquiv conf="0.743393249511719">
                        <pc:Unicode>Pilatus,</pc:Unicode>
                    </pc:TextEquiv>
                </pc:Word>
                <pc:Word id="region0013_line0011_word0001">
                    <pc:Coords points="319,1484 439,1484 439,1529 319,1529"/>
                    <pc:TextEquiv conf="0.805182495117188">
                        <pc:Unicode>ſich</pc:Unicode>
                    </pc:TextEquiv>
                </pc:Word>
                <pc:Word id="region0013_line0011_word0002">
                    <pc:Coords points="458,1484 405,1484 405,1534 458,1534"/>
                    <pc:TextEquiv conf="0.805182495117188">
                        <pc:Unicode>der</pc:Unicode>
                    </pc:TextEquiv>
                </pc:Word>
                <pc:Word id="region0013_line0011_word0003">
                    <pc:Coords points="469,1485 656,1485 656,1529 469,1529"/>
                    <pc:TextEquiv conf="0.930603942871094">
                        <pc:Unicode>ungerechte</pc:Unicode>
                    </pc:TextEquiv>
                </pc:Word>
                <pc:Word id="region0013_line0011_word0004">
                    <pc:Coords points="804,1486 684,1486 684,1534 804,1534"/>
                    <pc:TextEquiv conf="0.928249816894531">
                        <pc:Unicode>Richter</pc:Unicode>
                    </pc:TextEquiv>
                </pc:Word>
                <pc:Word id="region0013_line0011_word0005">
                    <pc:Coords points="818,1486 974,1486 974,1534 818,1534"/>
                    <pc:TextEquiv conf="0.921040878295898">
                        <pc:Unicode>Pontius</pc:Unicode>
                    </pc:TextEquiv>
                </pc:Word>
                <pc:Word id="region0013_line0011_word0006">
                    <pc:Coords points="989,1488 1133,1488 1133,1533 989,1533"/>
                    <pc:TextEquiv conf="0.921638259887695">
                        <pc:Unicode>Pilatus</pc:Unicode>
                    </pc:TextEquiv>
                </pc:Word>
                <pc:TextEquiv conf="0.86504159109933">
                    <pc:Unicode>Pilatus, ſich der ungerechte Richter Pontius Pilatus</pc:Unicode>
                </pc:TextEquiv>
            </pc:TextLine>
            <pc:TextLine id="region0013_line0012">
                <pc:Coords points="146,1529 1133,1529 1133,1579 146,1579"/>
                <pc:Word id="region0013_line0012_word0000">
                    <pc:Coords points="146,1529 225,1529 225,1562 146,1562"/>
                    <pc:TextEquiv conf="0.909482498168945">
                        <pc:Unicode>See.</pc:Unicode>
                    </pc:TextEquiv>
                </pc:Word>
                <pc:Word id="region0013_line0012_word0001">
                    <pc:Coords points="318,1532 404,1532 404,1577 318,1577"/>
                    <pc:TextEquiv conf="0.915897903442383">
                        <pc:Unicode>ſelbſt</pc:Unicode>
                    </pc:TextEquiv>
                </pc:Word>
                <pc:Word id="region0013_line0012_word0002">
                    <pc:Coords points="430,1529 598,1529 598,1575 430,1575"/>
                    <pc:TextEquiv conf="0.645030059814453">
                        <pc:Unicode>uͤmbracht</pc:Unicode>
                    </pc:TextEquiv>
                </pc:Word>
                <pc:Word id="region0013_line0012_word0003">
                    <pc:Coords points="622,1540 635,1540 635,1572 622,1572"/>
                    <pc:TextEquiv conf="0.870444564819336">
                        <pc:Unicode>/</pc:Unicode>
                    </pc:TextEquiv>
                </pc:Word>
                <pc:Word id="region0013_line0012_word0004">
                    <pc:Coords points="718,1529 664,1529 664,1579 718,1579"/>
                    <pc:TextEquiv conf="0.901951141357422">
                        <pc:Unicode>hat</pc:Unicode>
                    </pc:TextEquiv>
                </pc:Word>
                <pc:Word id="region0013_line0012_word0005">
                    <pc:Coords points="732,1535 812,1535 812,1572 732,1572"/>
                    <pc:TextEquiv conf="0.925971069335938">
                        <pc:Unicode>man</pc:Unicode>
                    </pc:TextEquiv>
                </pc:Word>
                <pc:Word id="region0013_line0012_word0006">
                    <pc:Coords points="825,1529 939,1529 939,1579 825,1579"/>
                    <pc:TextEquiv conf="0.920067825317383">
                        <pc:Unicode>ſeinen</pc:Unicode>
                    </pc:TextEquiv>
                </pc:Word>
                <pc:Word id="region0013_line0012_word0007">
                    <pc:Coords points="955,1533 1018,1533 1018,1573 955,1573"/>
                    <pc:TextEquiv conf="0.806633911132812">
                        <pc:Unicode>Leib</pc:Unicode>
                    </pc:TextEquiv>
                </pc:Word>
                <pc:Word id="region0013_line0012_word0008">
                    <pc:Coords points="1033,1538 1068,1538 1068,1573 1033,1573"/>
                    <pc:TextEquiv conf="0.924613876342773">
                        <pc:Unicode>in</pc:Unicode>
                    </pc:TextEquiv>
                </pc:Word>
                <pc:Word id="region0013_line0012_word0009">
                    <pc:Coords points="1083,1539 1133,1539 1133,1575 1083,1575"/>
                    <pc:TextEquiv conf="0.931796569824219">
                        <pc:Unicode>die</pc:Unicode>
                    </pc:TextEquiv>
                </pc:Word>
                <pc:TextEquiv conf="0.875188941955567">
                    <pc:Unicode>See. ſelbſt uͤmbracht / hat man ſeinen Leib in die</pc:Unicode>
                </pc:TextEquiv>
            </pc:TextLine>
            <pc:TextLine id="region0013_line0013">
                <pc:Coords points="221,1578 1136,1578 1136,1641 221,1641"/>
                <pc:Word id="region0013_line0013_word0000">
                    <pc:Coords points="221,1578 261,1578 261,1641 221,1641"/>
                    <pc:TextEquiv conf="0.420257949829102">
                        <pc:Unicode>—</pc:Unicode>
                    </pc:TextEquiv>
                </pc:Word>
                <pc:Word id="region0013_line0013_word0001">
                    <pc:Coords points="274,1610 291,1610 291,1640 274,1640"/>
                    <pc:TextEquiv conf="0.185551147460938">
                        <pc:Unicode>u.</pc:Unicode>
                    </pc:TextEquiv>
                </pc:Word>
                <pc:Word id="region0013_line0013_word0002">
                    <pc:Coords points="314,1580 420,1580 420,1625 314,1625"/>
                    <pc:TextEquiv conf="0.912171936035156">
                        <pc:Unicode>Tyber</pc:Unicode>
                    </pc:TextEquiv>
                </pc:Word>
                <pc:Word id="region0013_line0013_word0003">
                    <pc:Coords points="428,1581 615,1581 615,1628 428,1628"/>
                    <pc:TextEquiv conf="0.878574447631836">
                        <pc:Unicode>geworffen</pc:Unicode>
                    </pc:TextEquiv>
                </pc:Word>
                <pc:Word id="region0013_line0013_word0004">
                    <pc:Coords points="622,1578 604,1578 604,1641 622,1641"/>
                    <pc:TextEquiv conf="0.89523811340332">
                        <pc:Unicode>/</pc:Unicode>
                    </pc:TextEquiv>
                </pc:Word>
                <pc:Word id="region0013_line0013_word0005">
                    <pc:Coords points="623,1581 758,1581 758,1622 623,1622"/>
                    <pc:TextEquiv conf="0.628505096435547">
                        <pc:Unicode>darͤber</pc:Unicode>
                    </pc:TextEquiv>
                </pc:Word>
                <pc:Word id="region0013_line0013_word0006">
                    <pc:Coords points="768,1583 826,1583 826,1632 768,1632"/>
                    <pc:TextEquiv conf="0.708301162719727">
                        <pc:Unicode>ſich</pc:Unicode>
                    </pc:TextEquiv>
                </pc:Word>
                <pc:Word id="region0013_line0013_word0007">
                    <pc:Coords points="833,1587 884,1587 884,1622 833,1622"/>
                    <pc:TextEquiv conf="0.708301162719727">
                        <pc:Unicode>ein</pc:Unicode>
                    </pc:TextEquiv>
                </pc:Word>
                <pc:Word id="region0013_line0013_word0008">
                    <pc:Coords points="1018,1578 904,1578 904,1641 1018,1641"/>
                    <pc:TextEquiv conf="0.880877685546875">
                        <pc:Unicode>groſſes</pc:Unicode>
                    </pc:TextEquiv>
                </pc:Word>
                <pc:Word id="region0013_line0013_word0009">
                    <pc:Coords points="1136,1578 1035,1578 1035,1641 1136,1641"/>
                    <pc:TextEquiv conf="0.2543115234375">
                        <pc:Unicode>Vnge,</pc:Unicode>
                    </pc:TextEquiv>
                </pc:Word>
                <pc:TextEquiv conf="0.647209022521973">
                    <pc:Unicode>— u. Tyber geworffen / darͤber ſich ein groſſes Vnge,</pc:Unicode>
                </pc:TextEquiv>
            </pc:TextLine>
            <pc:TextLine id="region0013_line0014">
                <pc:Coords points="200,1621 1133,1621 1133,1693 200,1693"/>
                <pc:Word id="region0013_line0014_word0000">
                    <pc:Coords points="200,1621 292,1621 292,1693 200,1693"/>
                    <pc:TextEquiv conf="0.080994110107422">
                        <pc:Unicode>—77</pc:Unicode>
                    </pc:TextEquiv>
                </pc:Word>
                <pc:Word id="region0013_line0014_word0001">
                    <pc:Coords points="294,1629 402,1629 402,1685 294,1685"/>
                    <pc:TextEquiv conf="0.121515502929688">
                        <pc:Unicode>ſtum</pc:Unicode>
                    </pc:TextEquiv>
                </pc:Word>
                <pc:Word id="region0013_line0014_word0002">
                    <pc:Coords points="415,1630 548,1630 548,1690 415,1690"/>
                    <pc:TextEquiv conf="0.910403213500977">
                        <pc:Unicode>erhoben</pc:Unicode>
                    </pc:TextEquiv>
                </pc:Word>
                <pc:Word id="region0013_line0014_word0003">
                    <pc:Coords points="579,1639 592,1639 592,1671 579,1671"/>
                    <pc:TextEquiv conf="0.911696929931641">
                        <pc:Unicode>/</pc:Unicode>
                    </pc:TextEquiv>
                </pc:Word>
                <pc:Word id="region0013_line0014_word0004">
                    <pc:Coords points="607,1634 672,1634 672,1679 607,1679"/>
                    <pc:TextEquiv conf="0.885698394775391">
                        <pc:Unicode>daß</pc:Unicode>
                    </pc:TextEquiv>
                </pc:Word>
                <pc:Word id="region0013_line0014_word0005">
                    <pc:Coords points="686,1633 766,1633 766,1672 686,1672"/>
                    <pc:TextEquiv conf="0.927454376220703">
                        <pc:Unicode>man</pc:Unicode>
                    </pc:TextEquiv>
                </pc:Word>
                <pc:Word id="region0013_line0014_word0006">
                    <pc:Coords points="780,1633 838,1633 838,1678 780,1678"/>
                    <pc:TextEquiv conf="0.930583267211914">
                        <pc:Unicode>ihn</pc:Unicode>
                    </pc:TextEquiv>
                </pc:Word>
                <pc:Word id="region0013_line0014_word0007">
                    <pc:Coords points="854,1635 1014,1635 1014,1678 854,1678"/>
                    <pc:TextEquiv conf="0.638547439575195">
                        <pc:Unicode>lettlich</pc:Unicode>
                    </pc:TextEquiv>
                </pc:Word>
                <pc:Word id="region0013_line0014_word0008">
                    <pc:Coords points="989,1621 989,1693 1020,1693 1020,1621"/>
                    <pc:TextEquiv conf="0.638547439575195">
                        <pc:Unicode>in</pc:Unicode>
                    </pc:TextEquiv>
                </pc:Word>
                <pc:Word id="region0013_line0014_word0009">
                    <pc:Coords points="1034,1635 1133,1635 1133,1681 1034,1681"/>
                    <pc:TextEquiv conf="0.913839874267578">
                        <pc:Unicode>dieſes</pc:Unicode>
                    </pc:TextEquiv>
                </pc:Word>
                <pc:TextEquiv conf="0.69592805480957">
                    <pc:Unicode>—77 ſtum erhoben / daß man ihn lettlich in dieſes</pc:Unicode>
                </pc:TextEquiv>
            </pc:TextLine>
            <pc:TextLine id="region0013_line0015">
                <pc:Coords points="145,1679 1135,1679 1135,1782 145,1782"/>
                <pc:Word id="region0013_line0015_word0000">
                    <pc:Coords points="145,1694 221,1694 221,1725 145,1725"/>
                    <pc:TextEquiv conf="0.458250427246094">
                        <pc:Unicode>192.</pc:Unicode>
                    </pc:TextEquiv>
                </pc:Word>
                <pc:Word id="region0013_line0015_word0001">
                    <pc:Coords points="327,1679 446,1679 446,1752 327,1752"/>
                    <pc:TextEquiv conf="0.316470108032227">
                        <pc:Unicode>Waſeer</pc:Unicode>
                    </pc:TextEquiv>
                </pc:Word>
                <pc:Word id="region0013_line0015_word0002">
                    <pc:Coords points="457,1735 588,1735 588,1679 457,1679"/>
                    <pc:TextEquiv conf="0.835202255249023">
                        <pc:Unicode>ſtuͤrtzen</pc:Unicode>
                    </pc:TextEquiv>
                </pc:Word>
                <pc:Word id="region0013_line0015_word0003">
                    <pc:Coords points="603,1735 712,1735 712,1679 603,1679"/>
                    <pc:TextEquiv conf="0.687310791015625">
                        <pc:Unicode>muͤſſen</pc:Unicode>
                    </pc:TextEquiv>
                </pc:Word>
                <pc:Word id="region0013_line0015_word0004">
                    <pc:Coords points="733,1689 742,1689 742,1724 733,1724"/>
                    <pc:TextEquiv conf="0.925488510131836">
                        <pc:Unicode>/</pc:Unicode>
                    </pc:TextEquiv>
                </pc:Word>
                <pc:Word id="region0013_line0015_word0005">
                    <pc:Coords points="752,1688 820,1688 820,1723 752,1723"/>
                    <pc:TextEquiv conf="0.926830139160156">
                        <pc:Unicode>und</pc:Unicode>
                    </pc:TextEquiv>
                </pc:Word>
                <pc:Word id="region0013_line0015_word0006">
                    <pc:Coords points="847,1683 902,1683 902,1731 847,1731"/>
                    <pc:TextEquiv conf="0.923937301635742">
                        <pc:Unicode>ſoll</pc:Unicode>
                    </pc:TextEquiv>
                </pc:Word>
                <pc:Word id="region0013_line0015_word0007">
                    <pc:Coords points="926,1683 1135,1683 1135,1782 926,1782"/>
                    <pc:TextEquiv conf="0.">
                        <pc:Unicode>——7</pc:Unicode>
                    </pc:TextEquiv>
                </pc:Word>
                <pc:TextEquiv conf="0.759186191558838">
                    <pc:Unicode>192. Waſeer ſtuͤrtzen muͤſſen / und ſoll ——7</pc:Unicode>
                </pc:TextEquiv>
            </pc:TextLine>
            <pc:TextLine id="region0013_line0016">
                <pc:Coords points="193,1745 1132,1745 1132,1774 193,1774"/>
                <pc:Word id="region0013_line0016_word0000">
                    <pc:Coords points="193,1763 255,1763 255,1768 193,1768"/>
                    <pc:TextEquiv conf="0.774046325683594">
                        <pc:Unicode>—</pc:Unicode>
                    </pc:TextEquiv>
                </pc:Word>
                <pc:Word id="region0013_line0016_word0001">
                    <pc:Coords points="1099,1745 1132,1745 1132,1774 1099,1774"/>
                    <pc:TextEquiv conf="0.877009887695313">
                        <pc:Unicode>er</pc:Unicode>
                    </pc:TextEquiv>
                </pc:Word>
                <pc:TextEquiv conf="0.825528106689453">
                    <pc:Unicode>— er</pc:Unicode>
                </pc:TextEquiv>
            </pc:TextLine>
            <pc:TextEquiv conf="0.822321787087215">
                <pc:Unicode>190 8
Unſern von der Stadt Lucern im
Schweitzer⸗ Land / iſt ein rauher hoher 0
S. 2. Berg / den die Inwohner Frack⸗mont
Rave in oder Frackberg nennen / auff dieſem Berge iſt
— e ein groſſer ſchwartzer ſtehender See / allenthalben
Ven. dem mit einem ſinſtern Wald uͤmbzogen / welchen die
Fracken, Leute Pilgtus⸗See nennen / und bleibet dieſer
Eerg. bey See allzeit gleiche groß / hat keinen Einflußoder
Schwen⸗ un Außfluß / nimbt nichts zu oder ab / und hat ein
tzer Land. graͤuliches Anſehen. Und iſt die Sage / nachdem
Pilatus, ſich der ungerechte Richter Pontius Pilatus
See. ſelbſt uͤmbracht / hat man ſeinen Leib in die
— u. Tyber geworffen / darͤber ſich ein groſſes Vnge,
—77 ſtum erhoben / daß man ihn lettlich in dieſes
192. Waſeer ſtuͤrtzen muͤſſen / und ſoll ——7
— er</pc:Unicode>
            </pc:TextEquiv>
        </pc:TextRegion>
        <pc:ImageRegion id="region0000" orientation="-0.089855107244944">
            <pc:Coords points="0,0 404,0 404,404 0,404"/>
        </pc:ImageRegion>
        <pc:ImageRegion id="region0001" orientation="-0.089855107244944">
            <pc:Coords points="0,984 85,984 85,1398 0,1398"/>
        </pc:ImageRegion>
        <pc:ImageRegion id="region0004" orientation="-0.089855107244944">
            <pc:Coords points="1148,0 1240,0 1240,114 1148,114"/>
        </pc:ImageRegion>
        <pc:ImageRegion id="region0006" orientation="-0.089855107244944">
            <pc:Coords points="227,230 404,230 404,273 227,273"/>
        </pc:ImageRegion>
        <pc:ImageRegion id="region0015" orientation="-0.089855107244944">
            <pc:Coords points="0,1785 1240,1785 1240,1948 0,1948"/>
        </pc:ImageRegion>
        <pc:SeparatorRegion id="region0002">
            <pc:Coords points="51,327 63,327 63,663 51,663"/>
        </pc:SeparatorRegion>
        <pc:SeparatorRegion id="region0003">
            <pc:Coords points="68,193 86,193 86,1892 68,1892"/>
        </pc:SeparatorRegion>
        <pc:SeparatorRegion id="region0014">
            <pc:Coords points="1173,1044 1180,1044 1180,1812 1173,1812"/>
        </pc:SeparatorRegion>
    </pc:Page>
</pc:PcGts>
