1240 1948
229 205 258 225 —*
350 178 671 222 Beſchreibung.
768 182 897 224 —

105 227 398 282 VValpurge,
332 227 401 282 oder
415 235 476 270 den
490 230 590 279 erſten
597 229 685 276 Maji
697 228 789 279 ihren
797 231 924 268 Con-

106 290 182 315 vent
188 285 256 322 und
270 280 346 329 Hof
349 279 465 328 halten
475 280 567 327 ſollen
607 321 609 326 /
619 283 697 330 alda
708 291 776 322 von
785 282 898 329 fernen

104 328 207 378 Orten
225 328 395 378 zuſammen
414 328 537 378 kommen
554 337 574 371 /
588 328 637 378 mit
651 328 733 378 ihren
747 328 893 378 Teuffeln

75 383 79 387 alda
105 379 363 424 buhlen
304 379 319 427 /
332 379 379 427 die
370 379 485 423 Nacht
499 382 669 426 zubringen
689 384 750 422 mit
763 379 898 427 ſpielen
883 379 898 427 /

105 426 208 472 zechen
216 433 284 468 und
304 430 425 476 tantzen
441 433 457 467 /
461 427 531 469 wie
537 430 605 477 auß
616 427 705 477 ihren
718 428 897 479 Außſagen

104 477 353 530 kundbar
257 476 274 532 /
289 476 344 532 und
373 479 410 532 iſt
424 479 505 526 auch
522 488 607 526 gantz
622 476 780 527 glaͤublich
804 485 810 520 /
827 482 898 520 wie

104 529 151 572 ich
159 530 240 573 auch
249 532 309 568 mit
318 529 442 568 andern
452 526 779 576 uͤbereinſtimme
699 526 715 577 /
734 526 779 577 daß
787 529 913 577 gleich⸗

106 579 165 616 wie
172 581 219 616 die
236 575 403 626 NMymphæ
415 581 485 618 und
515 579 659 627 Veneres
684 587 722 623 zu
740 577 898 624 Adams⸗

107 624 462 673 Menſchensuſt
368 624 453 675 haben
470 629 539 667 und
547 625 656 675 ſolcher
665 625 900 675 begehren
820 624 836 675 /
930 653 933 656 alſo

105 679 158 715 ein
159 675 389 724 Venus-Berg
396 673 666 722 auffrichten
586 673 601 724 /
616 673 676 724 alſo
675 678 755 719 auch
771 673 826 724 die
836 681 931 687 Teu⸗

107 725 151 770 fel
159 728 207 764 die
215 723 451 770 Menſchenmit
461 723 552 774 ihren
566 726 751 772 Wolluͤſten
768 724 898 772 verfuͤh⸗

102 779 182 813 ren
168 772 183 823 /
195 778 264 812 und
271 777 362 813 einen
367 775 530 814 benanten
539 772 611 815 Ort
621 780 675 816 der
682 774 898 823 Zuſammen⸗

109 823 214 867 kunfft
230 820 393 871 erwehlen.
437 822 493 864 Es
505 822 563 871 hat
582 822 640 871 ihn
659 821 898 872 WVVendelinus

109 869 417 910 HelbachiusPoëta
429 872 492 921 alſo
500 869 701 925 beſchrieben.

110 959 213 999 Mons
224 960 301 997 ſitus
321 963 473 998 Hertiniæ
487 961 532 999 eſt
545 961 680 1012 mediis
703 964 738 1002 in
763 958 900 1012 ſaltibus

142 1026 162 1031 —
214 1013 411 1061 ingens,
741 1022 759 1039 8

156 1062 226 1108 Qui
233 1072 328 1110 partu
341 1061 433 1110 Budæ
454 1060 555 1111 divite
573 1060 668 1113 gignit
690 1069 893 1088 aquas.

111 1108 315 1162 Longinquis
327 1107 351 1147 ſi
362 1109 499 1160 quidem
509 1111 629 1160 procul
643 1111 695 1149 ille
710 1111 841 1153 videtur
852 1108 899 1159 ab

218 1169 422 1204 oris,

138 1208 268 1246 Hunc
276 1210 441 1246 Proculum
461 1209 585 1248 meritè
594 1213 741 1252 nomine
748 1208 822 1263 req;
837 1208 900 1263 vo-

115 1269 306 1297 cant.
688 1279 692 1283 .
937 1265 942 1273 .

109 1305 297 1356 Namq;
346 1310 425 1357 Thuringus
432 1310 511 1344 eum
527 1317 604 1347 cum
618 1305 736 1357 Suxone
755 1305 858 1357 cernit
872 1310 902 1348 &

219 1358 342 1399 Heſſun,

159 1405 204 1442 Atq;
231 1405 437 1452 Eisſeldiaca
445 1403 575 1452 ſubdita
588 1404 689 1444 turba
699 1405 831 1457 plagæ.

110 1453 174 1493 Hic
182 1420 279 1492 Zer
286 1453 432 1505 reliquos
441 1453 568 1501 excellit
574 1466 718 1503 corpote
729 1465 876 1494 montes.

115 1505 340 1551 Quotquor
351 1506 381 1539 in
384 1504 548 1540 Herciniæ
556 1496 690 1539 ſaltibus
699 1502 759 1539 eſſe
772 1502 878 1547 vides.

111 1545 292 1592 Nobilitate
307 1551 353 1589 ſua
363 1545 415 1602 ſic
417 1551 481 1588 hos
489 1563 630 1602 quoque
640 1554 741 1591 vincit
754 1555 772 1590 &
788 1553 877 1596 arte.

117 1600 196 1641 Et
201 1603 313 1655 capitis
323 1611 398 1640 vera
402 1605 608 1653 proprietate
614 1603 674 1644 ſui.

482 1674 604 1748 il
757 1666 897 1742 e⸗n
