1240 1948
295 293 301 301 Moͤnnen
489 244 541 303 ſie
557 244 626 303 auch
642 244 722 303 nicht
738 244 824 303 ſelig
1016 249 1182 297 werden.

426 124 461 192 —
482 158 505 183 1.
522 147 616 195 Theil.
632 142 696 189 Cap.
709 161 738 188 2.
753 153 775 193 8.
786 142 1023 199 Blockenberges

345 192 507 245 Jawenn
507 192 560 259 ſie
572 192 652 259 nicht
674 198 744 249 chun
764 199 829 252 Buß
847 192 919 259 auff
937 192 1041 259 Erden
1105 193 1181 246 /

344 294 431 344 Daß
441 294 488 347 ſey
502 301 575 341 nun
580 305 676 352 gnug
681 300 749 339 von
757 299 967 353 Zauberinn.

345 344 435 389 Auff
439 348 503 391 daß
511 351 571 385 wir
579 350 654 396 aber
663 347 781 395 unſern
790 349 984 401 Sinn

343 392 537 446 Anwenden
545 401 590 434 an
597 398 660 447 den
705 397 917 452 Prockelsberg
977 401 1111 414 /

342 441 401 490 Zu
409 442 595 492 beſchreiben
609 443 755 493 gaͤnzlich
769 447 917 497 merck/

343 491 407 534 So
418 495 454 541 iſt
464 496 544 537 auch
560 491 673 541 uͤberall
696 491 759 541 alda
798 512 800 514 /

237 523 302 566 —
333 542 691 631 eſeen.7
698 541 847 597 Practica

331 589 409 633 Der
435 591 960 648 Landleut
578 589 590 648 /
606 589 707 648 welche
723 589 785 648 offt
795 589 869 648 ohne
996 594 998 596 irren

332 642 412 682 Gut
422 641 557 692 Wetter,
570 644 670 695 daher
675 645 896 696 practiciren:

276 692 444 748 Denn
439 692 523 748 wenn
545 697 602 734 ein
623 696 750 744 ſtarcker
758 692 865 745 Nebel
873 696 973 748 trifft
964 692 973 748 /

177 1351 289 1430 Eorne
318 1347 355 1434 er
368 1381 462 1412 mann
472 1379 506 1413 in
516 1374 683 1422 folgenden
696 1376 858 1428 Worten:
867 1365 1089 1423 Dieſes
996 1361 1038 1433 iſt
1044 1361 1098 1433 ein
1101 1380 1194 1426 ho.

179 1434 339 1475 Eirchaina
357 1421 412 1469 her
422 1424 518 1470 Berg
526 1427 559 1462 in
564 1423 910 1474 Thuͤringen
757 1421 774 1475 /
794 1423 905 1474 genant
925 1432 980 1465 der
988 1426 1156 1475 Prockels,

157 1475 306 1506 Chatto-

167 1524 254 1549 rum.
278 1516 306 1543 in

181 1564 282 1586 monte
294 1553 334 1582 Ve

183 1599 258 1631 neris
269 1606 294 1628 c.
305 1602 348 1625 77.

183 1647 211 1679 P.
222 1639 311 1674 578.

380 741 444 792 echt
450 739 577 789 ſolchen
584 742 660 791 Berg
686 750 698 790 /
700 746 761 790 wie
770 746 817 789 ich
827 744 961 793 beriche
951 739 961 793 /

389 748 580 845 ofslegewiß
603 748 759 845 denſelben
781 791 892 841 Lag,

344 835 410 891 Ein
425 835 515 891 Regen
537 847 554 880 /
564 835 602 891 iſt
600 840 691 890 wahr
699 845 746 882 als
761 835 810 891 ich
820 843 889 891 ſag.

345 886 468 927 Wenn
478 892 551 928 aber
559 890 671 935 ſolcher
680 889 779 940 Berg
790 897 877 940 gantz
885 892 959 940 frey

346 935 451 982 Ohne
462 937 645 985 Nebel
574 935 613 992 iſt
623 935 635 992 /
669 950 708 991 ohne
716 941 799 987 allen
809 941 943 992 Scheu
927 935 943 992 /

348 983 412 1028 So
422 986 520 1035 folget
528 991 579 1027 ein
588 987 713 1035 ſchoͤner
723 983 814 1042 heller
820 989 908 1042 Tag
891 983 908 1042 /

386 1039 510 1085 lsdann
520 1041 614 1078 darin
624 1043 674 1086 ein
681 1041 763 1084 jeder
772 1046 864 1090 mag
907 1087 909 1092 /

328 1075 429 1128 Mir
441 1084 591 1136 Freuden
599 1095 644 1127 an
651 1075 716 1144 ſein
719 1088 942 1144 Arbeit
843 1075 915 1144 gahn
927 1075 942 1144 /

351 1132 448 1185 Auch
457 1140 813 1187 wandern
616 1132 628 1190 /
638 1132 727 1190 reiten
737 1132 749 1190 /
765 1132 820 1190 und
823 1142 987 1190 alsdann

348 1182 451 1227 Noch
458 1185 707 1234 weiter
566 1182 577 1236 /
592 1182 634 1236 daß
648 1182 706 1236 fuͤr
715 1187 809 1234 ſolche
815 1188 904 1236 Zeit
896 1182 904 1236 /

350 1233 441 1274 Gott
448 1239 550 1275 werde
557 1238 751 1286 gedanckt
727 1233 758 1286 in
760 1237 943 1286 Ewigkeit!

399 1319 524 1371 Dieſes
541 1322 740 1374 bekraͤfftiget
754 1327 834 1372 auch
868 1324 1033 1365 Henticus
1040 1324 1154 1372 Korn⸗

359 1474 459 1518 berg
445 1472 462 1527 /
470 1477 553 1511 wird
560 1475 673 1518 allezeit
696 1472 750 1527 ümb
765 1472 828 1522 ſich
836 1473 914 1527 auff
925 1479 973 1513 die
974 1473 1154 1522 ſechszehen

359 1519 554 1568 Meilweges
564 1523 730 1569 geſehen:
749 1522 857 1570 dieſer
871 1526 909 1572 iſt
926 1534 987 1571 gar
1008 1522 1155 1576 berühmt

360 1570 455 1623 durch
469 1570 550 1623 gautz
559 1570 870 1621 Teutſchland/
821 1570 878 1623 von
888 1576 949 1612 den
958 1576 1070 1623 Hexen
1087 1579 1190 1616 und

361 1617 637 1671 Vnholden
546 1617 562 1676 /
577 1617 630 1676 daß
646 1617 685 1676 ſie
703 1626 767 1664 alda
776 1620 952 1672 jaͤhrlich
924 1617 956 1676 in
963 1626 1018 1664 der
1043 1623 1154 1709 ⸗
1195 1654 1197 1657 —

1109 1685 1153 1708 z1
