1169 1889
255 212 352 251 Haller
383 212 423 270 ger
430 226 487 261 Daß
520 224 682 270 diejenigen
693 223 842 263 Dolcker
836 212 845 270 /
856 227 963 268 weiche
976 230 1019 264 die
1028 226 1120 268 Yeuts

65 277 118 312 al
192 231 423 327 IND
465 221 1117 326 GREEN

65 317 152 371 14
374 328 481 380 Hifche
496 329 743 382 verachtet
678 323 691 382 /
699 323 740 382 ben
758 339 808 375 der
831 338 942 376 erbarn
958 339 1052 379 Welr
1070 349 1116 382 zus

64 389 66 411 |
372 386 526 436 fanden
536 393 935 438 worden
669 386 683 444 /
694 386 758 444 ober
770 386 829 444 ihre
837 386 942 444 eygene
948 388 1118 444 Zhorheit

371 437 493 490 Zeugen
501 447 516 486 /
525 450 589 483 vnd
596 445 666 490 auff
677 437 904 498 jGreläfterliche
936 437 1118 498 Bnfinnig«

370 493 432 540 Feit‘
467 494 574 546 eigen
601 500 730 547 müflen.
775 503 887 545 Dann
907 507 944 545 ob
967 515 1047 550 mar
1063 506 1117 550 die

368 551 561 601 Teutfchen
579 553 648 605 jbre
667 553 818 605 Sprach
843 558 933 607 nicht
954 568 1024 601 aus
1048 564 1114 602 den

369 606 542 656 DBüchern
558 608 676 657 fuchen
687 620 700 647 /
710 610 851 658 fondern
862 619 929 653 aus
939 618 995 654 der
1004 618 1112 667 einge»

368 660 550 715 pflangten
564 662 685 707 Natur
699 666 844 719 nehmen
873 679 885 708 :
900 668 1017 720 Nicht
1039 684 1110 714 von

366 722 446 764 Sem
455 718 599 771 SMeifler
619 722 758 771 Audiren
775 733 790 769 /
803 724 942 770 fondern
957 737 1026 769 von
1045 734 1110 771 den

364 772 523 818 QAmmen
542 777 652 817 lernen
667 789 678 818 :
693 778 784 827 nicht
802 779 837 819 in
854 783 917 821 den
940 779 1109 834 Sehulen

364 833 519 873 ausdem
528 830 673 876 Munde
682 837 738 875 Der
754 834 878 887 Eehren
894 836 1000 891 faffen
1009 844 1108 893 /fons

61 878 142 936 8
362 890 447 928 dern
474 888 510 928 in
534 890 591 930 der
608 888 763 940 Wiegen
777 900 846 932 aus
863 896 925 935 den
950 896 1107 946 Brüßen

140 935 141 979 zZ
363 945 422 984 der
449 940 571 987 Mukter
588 944 833 997 fangen
728 936 742 1004 /
750 944 833 997 nach
852 951 927 992 dem
947 953 1105 1004 dapffern

362 1056 403 1112 zu
411 1056 537 1098 Nom:
552 1060 610 1108 If
622 1061 659 1107 fie
672 1064 748 1103 doch
761 1067 893 1103 darumb
906 1071 990 1112 nicht
1003 1079 1105 1112 zuvers

360 1109 517 1155 fehmehen
529 1118 542 1150 /
560 1111 624 1149 aber
631 1112 816 1158 iubeflagen/
824 1116 884 1160 daß
899 1118 982 1156 Saute
1001 1120 1102 1164 feyn-/

357 1167 487 1209 welche
479 1162 489 1224 /
500 1176 590 1204 wenn
605 1167 641 1211 fie
654 1162 703 1201 die
712 1164 897 1215 Heroifche
907 1170 1003 1211 Kede
1017 1181 1103 1224 niche

355 1222 484 1265 bringen
492 1218 611 1259 fönnen
621 1225 689 1258 aus
697 1220 760 1259 den
769 1222 1012 1271 vngefchiekten
1022 1226 1101 1271 Nas

358 1270 443 1318 chen
455 1277 468 1310 /
480 1276 624 1324 diefelbige
635 1272 807 1327 verfolgen
822 1288 881 1322 mie
892 1283 967 1324 dem
983 1294 1098 1334 grama

355 1325 473 1376 famen
485 1327 654 1374 Händen,
1095 1365 1097 1367 ;

166 1369 308 1432 Shader
419 1381 512 1419 ‚Bir
526 1381 628 1427 finden
642 1388 675 1421 in
690 1388 747 1423 den
763 1387 922 1432 Hifktorien
935 1400 947 1429 /
959 1396 1015 1432 wie
1030 1394 1096 1443 Heß

168 1429 201 1455 A
357 1429 414 1471 lich
427 1436 493 1467 ond
509 1428 644 1475 bäurifch
659 1437 702 1470 die
715 1435 876 1482 Sareinifch
896 1439 1032 1487 Sprach
1050 1452 1097 1484 im

57 1476 146 1531 a
163 1459 240 1581 ec»
243 1469 343 1542 gewer,
370 1465 488 1546 Anfang
497 1465 619 1546 gewefen
628 1490 639 1521 /
649 1482 675 1529 fo
684 1482 795 1532 heßlich
806 1492 869 1527 vnd
881 1465 1014 1546 bäurifch
1033 1493 1096 1540 daß

363 997 527 1052 Eyempel
547 1003 603 1042 der
624 1000 888 1053 Wolgebornen
916 1006 1103 1057 Gracchen

192 160 301 221 ‚Daher
313 160 365 221 find
377 160 487 210 dioten
497 162 680 219 offenbahrer
694 173 759 219 har,
796 173 879 220 Auf
892 173 1018 220 weiches
1032 177 1119 221 erfole
