1318 2366
196 405 259 452 die
275 402 443 457 Kinder,
475 407 534 451 die
562 416 612 450 an
635 407 699 451 der
716 402 871 450 Mutter
894 402 1015 459 Bruß
1037 399 1200 459 Kerbens

195 486 257 531 die
282 479 363 547 find
395 479 457 539 für
485 487 568 530 dies
598 482 711 531 Lehen
741 481 849 537 nicht.
906 483 988 529 Die
1020 484 1105 538 Luft
1133 487 1202 529 des

190 563 395 621 Srdifchen
426 564 468 618 if
497 564 611 618 ihnen
630 575 674 617 zu
697 562 855 619 (hmer,
884 561 930 616 fie
956 560 1095 617 fircben
1114 574 1200 616 zum

190 648 359 690 veineren
404 644 556 695 Yether,
641 641 741 689 Uber
780 641 909 699 unfere
947 637 1200 699 Soldquellen

191 725 282 776 muß
304 725 357 778 ich
373 723 475 775 Euch
496 727 640 779 zeigen;
673 726 769 767 denn
794 731 902 768 wenn
921 721 984 774 ihr
1008 724 1081 767 das
1100 721 1201 763 Tri-

138 823 140 829 '
190 798 344 867 folium
371 803 591 867 Alpinum,
624 804 702 848 und
723 805 793 848 den
814 802 1085 858 Astragulus,
1118 781 1203 846 und

192 886 261 929 den
283 883 514 939 Nomey*),
543 885 620 927 und
645 885 714 927 den
737 880 1002 936 Mutteri),
1032 884 1110 925 und
1139 883 1199 925 die

189 962 466 1012 Butterblume
484 962 573 1020 **)
606 965 682 1007 und
714 964 773 1005 die
803 959 1072 1016 Pimpinella
1102 960 1198 1001 alba

191 1041 249 1088 bei
273 1042 380 1096 Euch.
409 1042 641 1097 verpflanzen
670 1033 844 1094 Fönntet,
899 1043 1001 1085 dann
1041 1037 1199 1092 brauch:

188 1127 242 1170 tet
271 1123 333 1172 ihr
363 1122 496 1178 unfern
527 1114 626 1177 Käfe
657 1118 780 1173 nicht,
821 1122 923 1164 dann
947 1115 1099 1164 Fönntet
1111 1116 1199 1172 hr

188 1195 256 1257 ihn
282 1200 384 1257 felbft
417 1204 503 1247 dort
532 1199 588 1256 bei
620 1198 723 1253 Euch
747 1196 919 1244 bereiten.
976 1197 1076 1243 Wes
1105 1197 1197 1244 Lan

186 1285 255 1330 des
279 1282 363 1339 feyd
387 1280 470 1335 Ihr
488 1279 624 1335 Herr?

272 1362 423 1416 „Dein
443 1361 596 1417 Freund
619 1359 840 1407 Wildenow
865 1357 908 1415 if
930 1360 1031 1403 mein
1053 1357 1197 1403 Lands:

187 1443 331 1490 mann!
349 1442 374 1474 //
1061 1455 1074 1464 W

273 1521 447 1576 „Was?
468 1543 525 1554 —
555 1518 666 1575 daift
687 1520 727 1572 ja
750 1517 855 1572 wohl
875 1518 1027 1564 dies?“
1045 1538 1103 1548 —
1123 1514 1198 1570 auf

183 1604 308 1653 meine
321 1602 443 1656 Bruft
457 1602 615 1644 deutend
638 1622 691 1630 —
710 1601 826 1653 „das
845 1596 1023 1651 eiferne
1002 1596 1035 1657 //
1041 1617 1095 1627 —
1119 1597 1194 1657 das

184 1683 306 1729 MNort
329 1677 427 1724 blieb
448 1679 510 1731 ihr
542 1681 595 1722 im
621 1676 760 1721 Fleinen
773 1674 952 1728 Munde,
981 1674 1021 1728 {do
1044 1683 1128 1720 war
1146 1673 1194 1727 fie

183 1757 413 1816 überrafcht.
464 1757 533 1812 OD,
573 1755 612 1813 fo
638 1754 710 1812 feid
742 1757 818 1801 mir
837 1752 928 1809 doch
949 1752 1193 1811 taufendmal

227 1910 266 1954 *)
288 1907 471 1954 Plantago
491 1902 634 1952 alpinas

225 2000 283 2045 **)
305 1994 598 2034 Phellandrium
618 1991 833 2038 mutellina,
856 1981 1106 2043 Alpenfenchel,

225 2090 307 2135 *%*)
330 2087 494 2138 Apargia
513 2099 636 2124 aurea,
