1318 2366
938 246 942 273 )

522 264 583 315 wu
674 279 751 320 ‚50
866 294 923 304 v—

218 382 314 435 Ben,
347 383 540 428 mit-einer
558 380 597 437 fo
617 381 824 436 traulichen
844 377 1141 444 Nathrlichkeit,
1164 390 1227 443 als

216 456 356 518 gehöre
385 459 438 515 ich
467 472 552 522 zum
582 459 712 517 Kreife
744 461 848 515 ihres
877 465 1043 522 Hanfes.
1109 469 1227 522 „Die

215 542 338 599 MUlpe,
379 541 451 594 auf
472 544 535 585 der
564 544 636 585 wir.
669 541 900 597 hier,gehen,
932 546 1032 600 Herr
1053 547 1225 602 Ritter,“

214 621 306 677 fuhr
327 620 372 674 fie
393 620 495 675 fort,
534 619 616 676 „,ift
637 624 736 666 mein
760 620 1030 676 Muttertheil,
1061 630 1121 672 die
1142 623 1224 684 läßt

211 705 290 746 mir
322 703 386 745 der
418 701 503 746 Yeti
534 711 618 753 zum
642 699 887 755 Nadelgeld
882 699 900 759 x
932 703 1022 750 aber
1043 705 1096 759 ich
1120 706 1219 754 Fann

211 783 272 827 die
290 781 432 835 Baßen
453 780 525 824 alle
546 780 645 833 nıcht
664 780 871 843 brauchen;
904 794 928 829 o
950 784 1004 839 ich
1028 784 1091 831 bin
1112 785 1221 842 reich,

210 860 320 906 denkt
351 858 480 913 Euch,
520 859 574 914 ich
610 859 706 912 habe
737 860 1061 919 fechsunddreißig
1093 860 1220 921 Kühe,

208 943 272 986 die
302 937 392 991 Kuh
427 938 556 993 bringt,
586 933 746 993 Jährlich
773 945 860 994 zwei
888 939 1047 989 Centner
1069 945 1110 999 *)
1139 949 1218 992 und

208 1024 275 1066 der
305 1018 465 1066 Centner
508 1017 619 1073 Foftet.
662 1020 752 1075 doch
784 1021 1100 1077 allerwenigfens
1129 1024 1219 1078 zehn

205 1099 322 1155 große
344 1097 567 1154 Thaler
511 1097 604 1158 **).
639 1098 725 1144 Der
747 1100 874 1148 Bater
905 1101 1042 1156 reitet
1060 1102 1126 1158 fich
1150 1108 1220 1149 ims

204 1191 285 1226 mer
317 1182 389 1225 mit
422 1178 570 1236 unferm
594 1177 801 1235 Nachbar,
843 1181 972 1236 woher
1004 1173 1076 1229 das
1099 1184 1218 1233 Work

201 1259 300 1315 Alpe
331 1256 550 1313 abfiamme.
613 1257 731 1306 Einer
762 1262 840 1307 will
869 1265 910 1306 es.
941 1271 1029 1308 vom
1063 1262 1216 1317 griechis

202 1338 305 1396 fen
326 1347 448 1386 aıxeıs
473 1338 663 1392 herleiten,
694 1343 757 1385 der
777 1343 894 1386 andre
912 1351 1000 1387 vom
1025 1341 1214 1396 celtifchen

200 1420 288 1465 alb,
311 1418 431 1473 weiß
422 1418 439 1477 ;
457 1422 530 1464 das
552 1418 592 1474 if
607 1423 682 1464 mir
703 1419 794 1464 aber
807 1432 899 1474 ganz
917 1420 1089 1477 einerlci;
1113 1425 1214 1467 mein

199 1498 365 1553 Alpchen
399 1497 501 1553 giebt
522 1503 598 1544 mir
622 1492 686 1552 für
708 1502 828 1544 meine
847 1493 959 1557 Kühe
982 1504 1116 1549 immer
1146 1500 1212 1555 fri-

199 1576 301 1634 fees
322 1577 435 1624 Sras
458 1581 534 1624 und
550 1578 787 1632 Winterheu,
821 1579 927 1632 mehr
950 1578 1013 1624 als
1032 1579 1077 1633 fie
1098 1578 1212 1626 brau:

193 1711 197 1718 “
237 1676 287 1737 *%)
298 1676 400 1736 Räfe
417 1689 573 1731 nemlich,
603 1690 668 1728 das
689 1688 760 1736 fekt
778 1691 834 1728 der
852 1689 1043 1735 Schweizer
1061 1691 1138 1730 aber
1153 1691 1209 1731 nie

288 1747 393 1791 Dazu,
421 1746 495 1785 weil
517 1748 553 1785 es
575 1745 645 1791 fich,
667 1746 777 1785 meint
794 1756 836 1785 er,
863 1756 929 1786 von
947 1746 1038 1793 felbf
1057 1747 1206 1794 verfieht,

288 1804 380 1842 denn
407 1811 484 1842 vom
514 1802 640 1848 Ertrag
668 1804 726 1842 des
757 1802 892 1845 Milch:
920 1806 991 1844 und
1016 1803 1208 1851 Butterges

286 1858 417 1904 winngs,
449 1859 486 1905 if
508 1862 586 1899 dort
607 1868 666 1905 gar
683 1859 772 1899 Feine
794 1859 896 1899 Rede,
1000 1866 1002 1869 f

236 1948 301 1996 **)
324 1948 395 1989 Ein
423 1950 540 1995 großer
568 1949 694 1996 Thaler
724 1939 789 1996 gilt
807 1962 827 1987 2
848 1951 883 1997 fl.
904 1965 946 1987 10
965 1950 1114 1998 Bagen;
1124 1923 1126 1925 |
1149 1953 1205 1992 der

280 2004 430 2046 Karolin
451 2006 521 2053 alfa
547 2020 590 2043 20
607 2008 643 2054 fl.
676 2021 719 2044 10
739 2006 888 2055 Baben;
921 2009 978 2049 der
998 2005 1141 2050 Gulden
1151 2011 1203 2089 25

280 2060 425 2110 Baken.
