1318 2366
176 366 255 410 und
278 366 352 409 das
379 356 508 419 füßefte
536 361 742 414 Berlangen
770 363 834 406 der
855 359 1070 417 Feufcheften
1084 361 1188 408 Liebe

174 442 334 499 funkfelte
388 447 427 487 in
478 446 542 487 der
585 438 887 494 veilchenblauen
931 438 1042 497 Tiefe
1083 441 1191 496 ihres

176 521 477 581 {hmachtenden
505 520 673 569 Blickes.
971 576 974 581 ;

259 602 394 656 „Laßt
414 605 491 646 uns
512 600 679 655 gehen,“
714 599 817 655 fagte
840 599 885 654 fie
907 599 1066 654 endlich,
1096 600 1189 656 nach

177 685 242 728 der
263 679 424 737 feligften
449 679 576 738 Paufe
601 683 745 724 meines
766 679 916 732 Lebens,
949 683 1020 725 wie
1042 683 1118 725 aus
1143 682 1192 725 eis

179 772 263 807 nem
276 759 450 807 Traume
463 758 646 814 erwacht;
675 751 762 804 und
776 759 829 813 ich
844 757 950 813 fand
964 758 1191 814 fhmweigend

178 840 274 893 auf,
319 843 395 884 und
431 843 522 894 ging
560 843 610 885 an
640 839 760 893 ihrem
784 839 900 883 Arme
933 841 973 883 in
996 841 1055 883 die
1078 838 1200 894 ftillew

180 917 329 972 Zhäler
354 918 487 973 hinab.
548 919 638 963 Wir
663 915 824 963 Fonnten
850 915 955 961 beide
978 920 1058 963 eine
1082 917 1196 972 lange

181 1000 307 1047 Weile
353 997 454 1052 nicht
494 998 688 1054 fprechen,
740 996 780 1053 fo
813 995 939 1050 wohl,
980 995 1021 1051 fo
1052 999 1200 1042 unans:

180 1077 374 1136 fprechlih
406 1076 510 1128 wohl
542 1087 624 1122 mar
657 1080 747 1120 ung.
828 1076 919 1121 Wir
950 1084 1080 1120 waren
1120 1076 1201 1131 jeßt

180 1165 292 1204 unter
332 1161 513 1203 einander
553 1156 615 1201 alg
659 1157 818 1203 Bruder
862 1157 939 1200 und
971 1152 1200 1209 Schmefter.

181 1239 274 1285 ir
294 1237 422 1290 hatten
446 1240 523 1280 ung
545 1235 643 1288 ohne
663 1235 802 1281 Worte
823 1234 1058 1292 verfanden,
1120 1233 1201 1280 Die

184 1315 288 1364 Liche
311 1314 449 1369 bedarf
479 1315 597 1360 Feiner
617 1317 746 1362 Laute,

269 1395 342 1442 MI8
374 1399 444 1440 wir
476 1397 540 1440 der
563 1394 778 1447 Wohnung
799 1394 840 1449 *)
870 1397 939 1440 des
964 1393 1118 1440 Baters
1137 1385 1207 1438 näs

185 1476 252 1530 her
272 1475 425 1521 Famen,
468 1473 606 1530 fprang
632 1473 788 1522 Mimili
811 1477 984 1525 voraus,
1016 1479 1082 1518 um
1106 1471 1203 1527 mich

186 1554 268 1609 ihm
303 1565 344 1606 zu
376 1552 547 1601 melden;
589 1557 652 1598 der
680 1553 787 1603 Alte,
830 1556 888 1597 ‚ein
910 1551 1065 1603 wahres
1084 1547 1205 1596 Kabi-

189 1626 366 1689 netsfiück
384 1642 459 1699 von
473 1631 647 1685 Denner,
677 1631 760 1678 Fam
794 1635 869 1676 mir
892 1629 1099 1685 freundlich
1129 1634 1207 1677 ent

232 1758 270 1804 *)
295 1758 411 1796 Wenn
429 1764 514 1797 man
543 1754 602 1801 fich
622 1755 694 1794 eine
710 1753 878 1800 lebendige
897 1753 1115 1799 Borfelung
1137 1762 1208 1794 von

280 1815 336 1854 der
356 1813 546 1858 Wohnung
569 1812 665 1864 eines
684 1811 808 1851 reichen
831 1810 1208 1856 Schweizerlandmanz

282 1872 346 1909 nes
376 1869 513 1911 machen
544 1868 632 1912 wil,
672 1868 754 1913 muß
780 1876 862 1907 man
891 1869 956 1907 das
985 1865 1208 1910 vurtreffliche

282 1926 393 1966 Blatt
413 1934 479 1964 von
491 1925 605 1976 Nieter
621 1925 674 1969 (la
690 1925 840 1960 maison
853 1925 897 1960 de
912 1937 1053 1972 paysan
1066 1923 1207 1969 suisse)

285 1991 343 2027 zur
363 1983 468 2032 Hand
488 1981 654 2023 nehmen
641 1979 657 2032 ;
681 1982 716 2021 e$
734 1979 832 2026 Foftet
849 1991 893 2026 32
905 1980 971 2022 Liv.
989 1980 1061 2021 und
1080 1979 1119 2027 if
1138 1979 1210 2032 190

285 2038 370 2082 breit
389 2039 461 2080 und
484 2040 553 2084 14"
572 2038 665 2086 hoch,
