1318 2366
460 238 572 294 wm.
638 242 714 283 FIR
828 263 888 274 —

176 359 241 418 fab
282 358 336 414 ich
368 357 414 412 fie
442 357 533 413 noch
565 353 732 403 einmal;
784 355 831 409 fie
860 355 992 402 winkte
1022 335 1094 403 mit
1123 355 1180 410 ih»

174 429 254 487 yem
283 438 423 493 weißen
453 435 581 489 Tuche
603 437 663 488 zu
706 429 780 479 mir
821 433 963 488 herab,
1003 435 1049 490 fie
1078 435 1180 491 warf

174 523 251 566 mir
290 522 362 564 mit
399 516 506 569 ihren
547 513 825 571 Nofenfingern
866 516 925 559 die
955 513 1178 569 freundlich:

174 600 246 657 fien
277 591 390 652 Küffe
420 595 511 648 noch
541 605 607 648 zu,
658 595 735 639 und
769 592 942 644 breitete,
990 591 1064 647 auf
1102 596 1176 640 das

172 676 418 735 Miederfehn
459 677 643 724 deutend,
700 676 759 719 die
800 674 916 718 Yıme
954 670 1047 727 nach
1093 673 1178 718 dem

173 759 303 813 Thale
342 761 434 806 aus,
520 755 646 803 Dann
686 753 753 812 fah
791 752 847 809 ich
887 752 933 809 fie
963 750 1063 809 nicht
1091 755 1178 799 wies

171 844 253 890 Den.
282 863 340 874 —
365 859 424 870 —

257 999 327 1047 So
369 1000 458 1044 weit
497 999 556 1043 die
595 994 807 1053 Sefchichte
844 995 989 1040 meines
1030 989 1185 1048 glückli-

143 1081 258 1142 „hen
298 1079 522 1133 Freundes,
573 1087 625 1121 an
677 1077 741 1120 der
782 1073 838 1128 ich
885 1077 1013 1120 weiter
1051 1073 1177 1119 Feinen

168 1159 286 1215 Theil
316 1155 434 1212 habe,
472 1154 535 1200 als
567 1157 642 1199 das
672 1146 930 1207 Vergnügen,
961 1130 1020 1211 fie
1037 1145 1178 1210 erzählt

169 1253 213 1295 zu
247 1237 393 1292 haben,
433 1237 512 1279 und
546 1237 616 1278 den
644 1230 782 1278 bittern:
813 1229 952 1285 Groll,
997 1220 1096 1285 nicht
1125 1241 1176 1275 an

168 1324 237 1368 des
267 1311 608 1366 Neidensiverthen
639 1310 766 1357 Stelle
800 1310 966 1366 gewefen
1003 1321 1048 1363 zu
1078 1308 1179 1364 feyn.

255 1395 414 1443 Mimili
455 1393 525 1447 hat
552 1380 642 1446 ijm
683 1389 746 1445 ihr
784 1389 884 1442 Bild
926 1388 1105 1457 gefandt,
1137 1388 1177 1442 *)

171 1482 248 1530 und
273 1477 440 1534 feitdem,
474 1473 546 1526 daß
578 1472 630 1527 ich
669 1474 709 1516 es
732 1469 900 1528 gefehen,
933 1469 1094 1523 verzeihe
1121 1467 1177 1522 ich

171 1560 276 1614 idm,
318 1555 472 1619 daß,
434 1543 482 1619 er
512 1553 578 1609 feit
619 1551 735 1608 feiner
765 1543 979 1603 Nückkunft
1008 1551 1083 1593 aus
1115 1549 1179 1592 der
1212 1575 1214 1578 |

175 1638 377 1693 Schweiz,
430 1629 687 1685 ungenießbar
726 1626 792 1682 if,
842 1621 906 1681 für
939 1628 1177 1680 jedermann,

171 1720 252 1764 und
283 1713 405 1768 nichts
434 1713 562 1755 weiter
592 1707 698 1754 denkt
728 1710 805 1754 und
838 1705 935 1762 finnt
963 1709 1042 1752 und
1070 1706 1182 1761 weiß,

173 1797 236 1845 als
263 1794 360 1855 feine
388 1789 562 1837 Mimili,

219 1932 265 1978 *)
298 1930 322 1969 €
368 1927 405 1973 if
431 1927 494 1966 das
519 1923 747 1970 Titelkupfer,
783 1931 850 1963 von
872 1919 1013 1968 Wocher
1042 1921 1182 1968 gemalt,

289 1985 361 2026 und
400 1985 475 2023 dem
518 1978 823 2028 licbenswürdigen
861 1978 1043 2027 Originale
1083 1976 1185 2036 höchf

291 2047 368 2084 freu
394 2040 465 2083 und
497 2034 644 2087 ahnlich.
