1318 2366
129 385 242 443 chen,
269 380 348 432 und
369 385 498 431 weiter
525 380 569 438 if
590 385 667 429 mir
686 382 810 438 nichts
831 374 969 437 nöfhig
986 390 1031 434 zu
1051 380 1134 438 wif-

128 466 202 524 fen.
257 463 370 520 Habt
390 462 475 519 Ihr
496 466 593 508 denn
617 461 709 517 au
734 462 894 516 Berge?

163 543 293 600 Sc
329 535 434 600 Hätte
464 542 526 597 ihr
555 542 685 599 unfere
711 540 957 599 Templower
990 543 1143 586 nennen

125 616 299 675 Fönnen,
339 626 416 669 und
452 626 511 668 die
543 621 845 678 Michelsberge,
889 624 964 667 und
988 624 1047 680 die
1067 620 1136 678 Pi

127 699 252 759 chels:
276 699 480 759 SGletfcher,
521 705 598 749 und.
629 705 704 749 das
732 701 898 757 Schirge
930 712 994 746 am
1026 699 1136 746 Roll:

125 783 261 838 Fruge,
323 781 415 831 aber
464 781 519 837 ich
561 782 686 830 wollte
725 781 808 836 ihre
849 778 1137 836 geograpbhifche

124 852 343 918 Kennthiffe
375 861 475 916 nicht
505 865 544 908 in
580 861 852 917 Berlegenheit
883 860 1014 917 feken,
1055 862 1133 904 und

125 947 269 988 nannte
289 941 352 995 ihr
374 942 482 999 unfer
505 940 797 996 Niefengebirge
818 944 859 987 in
880 939 1093 995 Schlefien,

168 1051 175 1061 ‚
206 1019 352 1074 „Seht
378 1025 451 1068 mit
482 1012 607 1068 Eurer
643 1020 794 1078 Niefen»
814 1021 999 1051 Kuppe,“
1034 1017 1136 1075 fagte

124 1101 172 1156 fie
193 1095 377 1155 lächelnd,
404 1100 531 1155 ‚ihre
561 1112 668 1156 ganze
697 1095 790 1155 Höhe
815 1100 858 1156 if
875 1100 915 1151 ja
937 1110 1011 1144 nur
1022 1108 1134 1150 5000

124 1180 225 1236 Fuß,
254 1180 365 1238 unfer
397 1172 536 1238 Finfier
554 1180 749 1234 -Yarhorn
763 1180 801 1232 *)
825 1178 868 1231 if
889 1172 980 1224 über
998 1189 1135 1230 13000

120 1259 209 1323 Suß
233 1259 341 1316 hoch.
401 1261 497 1308 Das
528 1260 570 1317 if
603 1264 662 1306 ein
695 1260 898 1315 Firn**)!
938 1256 1026 1303 Mit
1051 1260 1141 1303 dem

125 1338 280 1394 Schnee
306 1340 375 1393 hat
394 1345 434 1386 cs
462 1339 519 1386 bei
551 1344 627 1385 uns
660 1343 740 1384 eine
762 1338 906 1395 Furiofe
923 1339 1154 1386 Bewandts-

126 1417 204 1472 nif.
265 1420 347 1466 Die
376 1408 624 1474 Schncelinie
647 1411 809 1464 unterm’
828 1421 1023 1474 Wequator
1046 1417 1138 1469 liegt

124 1500 163 1542 in
187 1499 287 1543 einer
305 1493 422 1553 Höhe
445 1507 518 1545 von
544 1505 694 1561 14,000
717 1495 830 1552 Fuß,
870 1499 948 1542 und
976 1496 1035 1542 bei
1059 1498 1137 1541 uns

166 1667 205 1711 *)
233 1664 330 1712 Nach
361 1667 437 1706 denr
463 1668 709 1713 Matterhorn,
749 1668 805 1706 der
837 1664 932 1713 Nofa
962 1667 1033 1706 und
1058 1667 1134 1705 dem

211 1722 444 1769 Montblanc,
485 1724 523 1769 if
552 1724 634 1769 dieß
653 1724 704 1764 die
731 1720 854 1769 höchfte
873 1723 1033 1763 Granit:
1062 1726 1132 1762 und

214 1779 506 1826 Gneifpyramide
534 1783 592 1819 des
614 1789 740 1827 ganzen.
771 1779 1059 1826 Alpengebirges
1050 1779 1068 1827 ;
1093 1779 1134 1825 fie

213 1835 252 1882 if
279 1846 403 1884 13,234
432 1838 507 1886 Fuß
537 1834 616 1877 über
636 1839 700 1876 das
720 1838 832 1878 Meer,
880 1835 1001 1881 Diefer
1030 1846 1136 1883 unge:

207 1892 311 1938 Heure
329 1893 444 1940 Selfen
473 1895 554 1940 liegt
581 1893 690 1940 einige
716 1894 892 1934 Stunden
918 1893 1040 1939 füdlich
1068 1902 1136 1933 von

215 1947 367 1998 Srinfel,
389 1952 459 1991 und
479 1950 517 1997 if
536 1950 618 1998 noch
643 1949 699 1991 nie
716 1948 872 1997 erfliegen
893 1952 1041 1990 worden.

167 2061 223 2107 **)
248 2060 430 2109 Gletfcher,
