1318 2366
435 314 493 325 —
607 301 662 342 55
776 313 833 323 —

133 403 360 466 Schlefifche
381 403 517 463 Kuppe
542 405 661 460 gewiß
689 403 812 458 nicht:
840 406 912 450 wir
935 414 1077 450 nennen
1100 408 1142 452 c$

113 489 208 535 ‚das
239 480 395 538 Glühen
428 489 493 531 der
525 485 660 541 Alpen.
719 482 904 535 Kommt,
935 483 1012 540 feßt
1033 482 1138 539 Euch

130 569 221 613 dort
241 570 349 611 unter
370 567 428 611 die
451 560 664 619 breitäftige
683 564 838 618 Buche,
873 567 921 609 da
942 562 984 617 if
1005 566 1139 610 immer

130 647 200 691 des
221 644 379 691 Abends
408 648 508 689 mein
532 636 750 701 Pläghen;
794 646 931 688 darum
957 643 1024 694 hat
1044 643 1137 697 auch

130 723 242 781 unfer
271 722 368 769 alter
398 723 516 770 Senn
549 728 608 768 ein
644 722 798 776 weiches
827 721 1036 770 Moosbett
1063 727 1139 769 mir

129 807 240 850 unter
262 805 345 849 dem
367 801 558 857 Schatten
581 806 810 856 gesimmert,

215 883 306 928 Mir
328 881 450 938 feßten
476 885 565 927 ung.
607 880 808 935 Ningsum
841 875 996 934 blühten
1032 880 1142 935 vothe

130 955 515 1014 MWeidenröslein*),
547 959 772 1014 Thymian,
810 961 938 1013 rother
960 961 1141 1019 Schwing

128 1040 284 1095 gel**),
328 1038 720 1096 Mannsfchildb*),
772 1038 921 1093 Enzian
962 1045 1039 1086 und
1075 1041 1143 1087 Eis

133 1113 357 1175 fenhüttlein
371 1122 446 1171 +)
490 1122 568 1163 und
610 1118 766 1172 taufend
800 1122 937 1164 andere
970 1110 1146 1174 herrliche

130 1196 333 1250 Blumen,
365 1201 443 1243 und
481 1200 554 1243 das
576 1197 740 1252 liebliche
764 1197 1044 1244 Stendelkraut
1060 1203 1142 1252 ++)

124 1275 272 1331 Mürzte
291 1280 350 1323 die
396 1275 550 1323 Abends
568 1278 649 1333 Luft
678 1280 750 1322 mit
772 1277 908 1334 feinem
941 1273 1143 1380 Danillehg

130 1355 278 1409 geruch.

159 1469 191 1516 V
215 1430 373 1479 Mimili
417 1434 520 1490 holte.
567 1438 643 1482 aus
685 1429 807 1490 ihrem
847 1429 1046 1491 Körbehen
1085 1440 1144 1482 ein

174 1602 212 1646 *)
231 1599 465 1650 Epilobium
483 1601 659 1652 alpinum
682 1602 991 1653 angustifolium,

132 1707 134 1709 '
174 1691 239 1738 *W)
258 1693 416 1729 Festuca
435 1690 562 1729 rubra,

175 1783 254 1827 ***)
278 1782 490 1819 Androsace
502 1781 665 1823 villosa;
689 1783 741 1823 die
753 1784 886 1826 Blume
903 1782 940 1827 if
949 1781 1145 1830 mikchweig,

242 1836 309 1878 mit
327 1836 459 1884 grünen
481 1840 552 1878 und
574 1842 694 1884 vothen
716 1842 888 1882 Sternen.

179 1928 225 1974 7
235 1919 344 1970 Wird
368 1937 391 1975 4
418 1927 472 1969 bis
494 1937 514 1974 5
533 1928 608 1976 Fuß
627 1929 726 1976 hoch,
763 1931 834 1970 und
856 1925 953 1977 blüht
974 1929 1052 1970 blau
1075 1930 1145 1969 und

212 1985 331 2032 gelb,

179 2074 246 2128 11)
268 2074 464 2124 Satyrium
481 2076 649 2126 nigrum,

910 2142 938 2184 A
