1728 2646
113 451 151 490 {n
172 452 233 488 den
253 445 571 497 Ephemeridibus
596 441 790 482 focietatis
821 436 1150 485 Meteorologicae

118 505 306 555 palatinae
323 519 332 539 ı
345 515 390 548 781,
404 499 656 545 umftändlich
676 495 814 547 erzählet
832 498 977 535 werden,
1023 493 1154 542 Mayl-

119 562 251 604 mrilian
271 559 461 610 Zheodor,
494 559 550 594 der
573 551 708 601 Pfäker
725 553 792 589 und
810 552 945 591 Baiern
962 546 1153 598 Churfürft,

121 620 173 656 ein
200 620 276 654 eben
302 619 332 661 fo.
360 617 469 663 grofer
495 615 562 651 und
590 606 758 659 gründlich
785 610 940 657 gelehrter
968 606 1156 649 Diaturfor-

121 676 223 721 (cher,
246 675 297 709 als
314 672 422 712 weißer
438 671 505 707 und
523 678 617 717 guter
634 664 766 712 Regent
783 664 924 706 befchloß
940 662 1041 708 zuerft
1060 669 1157 698 unter

120 732 182 768 den
201 724 342 776 Fürften
364 725 613 771 Deutfchlands
635 722 685 758 die
706 718 977 755 Wetterableiter
994 719 1026 755 in
1052 719 1156 758 feinen

123 785 249 823 Sanden
274 775 498 828 einzuführen,
569 777 643 820 Auf
665 776 781 817 feinem
805 771 973 815 tuftfeloß
997 772 1156 815 Schwet

124 842 239 887 zingen
260 840 323 878 ließ
341 847 373 872 er
389 837 450 871 den
467 835 568 879 erften
577 827 845 869 NWMecterableiter
856 828 1005 872 anlegen,
1042 825 1160 863 Kaum

124 907 195 933 war
210 902 246 931 es
265 890 451 941 gefchehen,
471 891 504 934 fo
520 890 633 927 wurde
651 897 683 922 er
702 884 764 922 mit
782 882 905 922 Bitten
925 882 1026 926 (einer
1044 883 1160 918 Unter.

127 952 248 1002 thanen
273 944 449 996 überhäuft
464 968 473 989 ,
513 952 549 982 es
573 942 734 980 entweder
759 951 796 986 zu
822 939 1044 982 unterlaffen.,
1084 939 1161 973 oder

126 1004 324 1054 wenigftens
342 1004 400 1048 fich
421 1003 509 1048 nicht
528 1000 694 1038 an’einem
715 998 745 1042 (D
765 992 986 1045 gefährlichen.
1004 991 1074 1031 Ort
1091 992 1161 1035 auf

128 1063 291 1109 zuhalten.
350 1059 460 1096 Allein
487 1068 520 1093 er
545 1057 681 1098 mußte
675 1050 688 1109 ,
719 1064 778 1089 um.
806 1054 856 1087 die
882 1050 1098 1098 DBorurcheile
1124 1058 1162 1093 zu

126 1117 342 1162 yoiderlegen,
382 1115 462 1156 diefe
487 1111 588 1150 Bitte
616 1110 716 1152 feiner
740 1107 967 1156 Unterthanen
991 1105 1161 1151 verfagen.

117 1169 179 1210 ‚Er
209 1171 338 1213 wohnte
367 1169 442 1203 dem
475 1162 624 1211 nächften
656 1161 830 1201 Sommer
863 1161 925 1202 auf
952 1160 1069 1201 feinem.
1100 1159 1162 1195 mit

128 1223 421 1260 Wetterableitern
445 1221 635 1269 verfehenen
656 1217 826 1264 tuftfchloß
846 1216 965 1264 ruhig,
1005 1210 1162 1263 während

128 1278 204 1314 Dem
232 1278 296 1320 fein
318 1275 409 1312 Bolk
430 1277 486 1320 ben
510 1277 613 1322 jedem
638 1273 772 1309 Wetter
788 1268 943 1316 ängfilich
963 1280 1019 1305 unt
1039 1270 1104 1311 fein
1123 1268 1166 1305 fee

131 1333 193 1367 ben
218 1332 343 1376 beforgt
366 1320 463 1365 war,"
506 1327 591 1365 Das
610 1328 759 1372 folgende
780 1324 875 1373 Kahr
895 1325 956 1367 ließ
973 1334 1006 1358 er
1025 1325 1102 1369 auch
1122 1334 1166 1359 an

131 1384 249 1426 feinem
269 1382 407 1428 Schloß
430 1393 468 1428 zu
490 1381 693 1429 Mannheim
710 1381 803 1417 einen
825 1379 1091 1417 Wetterableiter
1113 1389 1170 1415 ans

132 1439 281 1483 richten
273 1433 294 1488 ;
320 1449 406 1482 zwar
433 1439 519 1484 nicht
546 1448 629 1485 ganz
654 1437 735 1488 ohne
762 1433 1053 1484 Beängftigunig
1045 1433 1066 1488 ,
1092 1436 1168 1472 aber

132 1496 225 1544 {chon
241 1496 302 1534 mit
321 1496 484 1549 mehrerer
501 1494 734 1546 Beruhigung
752 1495 807 1531 der
825 1493 1048 1542 Einwohner;
1073 1492 1113 1527 da
1128 1490 1169 1533 fie

133 1556 278 1599 wufßien,
309 1557 372 1601 daß
397 1556 448 1606 ihr
473 1544 650 1609 Churfütft
674 1552 790 1588 bereits
809 1551 901 1588 einen
918 1548 1091 1588 Sommer
1111 1559 1169 1585 um

134 1618 184 1649 fer
205 1614 309 1650 einem
328 1612 596 1650 Wetterableiter
616 1610 710 1655 ficher
730 1607 924 1657 zugebracht
941 1608 1043 1656 hatte,
1100 1604 1169 1649 Im

133 1670 256 1707 dritten
282 1669 377 1715 Kahr,
402 1670 527 1715 fiengen
560 1667 650 1711 fchon
678 1666 759 1702 viele
789 1664 1072 1707 Privatperfonen
1105 1672 1169 1702 an,

134 1723 187 1762 die
206 1725 475 1771 Wetterftangen
491 1723 673 1769 aufrichten
691 1731 730 1766 zu
749 1721 871 1765 fafen,
902 1720 971 1759 amd
991 1718 1065 1754 bald
1084 1726 1170 1753 wurs

134 1780 197 1817 den
215 1782 254 1822 fie
272 1781 452 1827 allgemein.

222 1835 311 1872 Rum
334 1836 383 1877 fiel
409 1833 523 1872 diefem
548 1831 674 1879 grofem
695 1823 945 1873 Reichsfürften
967 1827 1046 1872 auch
1066 1827 1171 1877 Chur

136 1887 273 1927 Baiern
298 1891 396 1933 durch
421 1887 594 1929 Erofchaft
615 1895 668 1928 zu,
732 1882 856 1931 Daher
883 1883 994 1927 dachte
1018 1894 1051 1919 er,
1073 1882 1172 1930 gleich

137 1943 276 1984 darauf,
309 1944 387 1984 auch
409 1943 470 1984 fein
489 1934 654 1984 Müncher
669 1936 807 1982 Schloß
828 1937 894 1973 und
914 1938 976 1973 das
987 1936 1173 1975 Sommers

139 1997 321 2042 Schlofzu
344 1998 621 2045 Nymphenburg,
639 1994 735 2038 durch
746 1992 1014 2030 Werterableiter
1030 1999 1090 2027 vor
1100 1994 1173 2027 dem

137 2051 275 2102 Blig
239 2048 275 2102 zu
287 2052 492 2100 verwahren.
540 2052 626 2088 Aber
640 2050 706 2101 hier
716 2048 878 2097 gefchahe,
899 2055 970 2084 was
988 2058 1065 2083 man
1077 2048 1173 2083 Faum

137 2106 259 2145 denken
272 2110 371 2153 follte,
421 2104 499 2144 Der
508 2103 615 2150 Psbel
624 2104 736 2141 wurde
745 2112 809 2140 von
820 2104 876 2140 der
886 2102 1102 2145 Seiftlichfeit
1115 2113 1173 2137 ans

137 2162 304 2207 geftifter
295 2155 323 2209 ,.
335 2164 392 2208 fich
403 2161 518 2202 diefem
528 2160 770 2209 Unternehmen
786 2170 825 2204 zu
842 2159 1051 2205 widerfeßen.
1117 2155 1171 2195 Es

137 2217 288 2258 entftund
306 2220 370 2261 alfo
386 2218 437 2254 ein
457 2216 624 2265 Tumult,
655 2215 723 2251 und
739 2215 791 2249 die
808 2213 1077 2249 Wetrerableiter
1096 2222 1175 2248 muz

133 2266 202 2311 fen
218 2280 310 2309 unter
324 2274 390 2309 dem
408 2270 542 2318 Schuß
560 2272 617 2307 der
634 2269 773 2312 Waffen:
798 2267 1013 2314 aufgerichtet
1033 2268 1173 2303 werden,

1046 2317 1165 2357 Kaum
