1728 2647
611 326 637 361 4
995 319 1024 360 DS
1042 319 1088 360 a
1129 319 1173 360 JE
1231 319 1272 360 1

613 410 717 447 gegen
734 400 825 435 einen
842 400 966 435 andern
988 398 1118 443 Körper,
1137 403 1296 449 hinhieft,
1325 415 1359 439 ‚er
1383 407 1492 448 leichte
1515 405 1648 451 Körper

614 467 658 491 an
682 456 739 500 dich
767 466 842 500 309,
881 456 1027 497 Fnifterte
1055 459 1120 492 'und
1147 458 1179 492 in
1210 460 1267 494 der
1296 458 1518 511 Dunkelheit,
1548 466 1647 503 Feine

614 505 786 557 Fünkchen
805 511 893 553 (ehen
912 512 989 554 Kieß,
1049 511 1141 548 Weil
1158 513 1215 548 der
1232 514 1428 555 Beruftein,
1464 517 1645 558 ele&trum

614 565 711 617 heift,
744 567 912 608 fo-nantıfe
932 579 1009 603 ınan
1027 569 1128 610 diefes
1138 567 1264 614 Feuer,
1297 568 1514 625 electrifches
1535 568 1643 625 Feuer.

613 622 705 660 Man
722 624 875 658 beinerfte
893 624 1028 671 hernach
1041 626 1129 668 auch,
1160 625 1223 667 daß
1238 626 1338 666 Sfas,
1370 630 1471 674 Pech,
1503 631 1646 678 Schwes

614 679 675 722 fel,
708 678 927 723 Siegellac*)
953 691 989 717 11.
1018 682 1047 715 D.
1075 690 1109 725 gs
1144 681 1205 717 das
1234 685 1409 731 nehmliche
1441 685 1546 731 Feuer
1579 697 1644 725 von

614 735 671 775 fich
691 738 801 778 geben,
832 745 926 768 wenn
945 745 1023 769 man
1044 735 1082 771 fie
1102 738 1261 773 entweder
1278 741 1337 776 mit
1353 742 1409 775 der
1419 739 1535 785 Hand,
1570 746 1646 780 oder

612 790 676 825 mit
692 788 796 823 einem
818 790 966 824 ledernen
986 783 1107 831 Nüffen
1130 792 1223 827 reibt.

695 841 817 893 Daher
835 847 956 888 machte
977 854 1054 880 man
1072 845 1283 889 Mafchienen
1302 849 1335 885 in
1350 850 1463 895 welche
1481 860 1558 887 matt.
1573 848 1646 890 Rus

613 901 687 947 geli
703 907 770 934 von
790 898 901 941 Glas,
932 900 1008 934 Dder
1028 901 1260 948 Schwefel**)
1280 906 1429 949 einfeste,
1461 908 1528 942 und
1545 909 1649 954 Durch

612 956 666 992 ein‘
685 954 763 990 Rad
783 954 900 1004 herum
923 956 1095 997 trfebz.an
1128 960 1178 993 die
1202 956 1314 1008 Kugel
1340 964 1416 997 aber
1443 964 1493 999 ein.
1521 958 1646 1008 Küfen

612 1011 746 1051 anbielte.
807 1010 1044 1047 Um-aber’das
1067 1013 1191 1058 Feuer,
1217 1017 1350 1052 welches
1369 1027 1446 1050 man
1463 1018 1563 1062 durch
1580 1021 1644 1056 das

611 1064 741 1100 MNeiben
773 1065 871 1107 diefer
895 1065 987 1103 Slas
1021 1068 1086 1102 und
1115 1066 1410 1113 Schwefelkugeln
1436 1071 1568 1120 erhielt;
1603 1085 1642 1118 zu

609 1119 783 1160 fammelny'
821 1122 945 1162 machte
972 1132 1050 1155 man
1079 1122 1228 1164 folgende
1255 1120 1487 1171 Einrichtung.
1550 1127 1644 1165 Man

609 1173 765 1209 bemerkte
784 1173 845 1210 daß
865 1173 965 1213 Diefes
983 1173 1091 1217 Feuer
1115 1181 1181 1210 von
1209 1175 1298 1211 einer:
1326 1180 1516 1224 geriebenen
1538 1181 1642 1221 Oflası

609 1229 724 1273 Fugel,-
757 1239 853 1275 gerne
881 1229 943 1267 auf
973 1229 1031 1264 ‚alle
1059 1229 1164 1267 Arten
1188 1239 1253 1266 von!
1280 1231 1442 1270 Metallen
1466 1238 1517 1279 foß
1547 1240 1642 1287 gehe

609 1290 678 1322 und
701 1287 804 1322 daran
828 1286 894 1329 fort
920 1287 1015 1325 lauft,
1075 1285 1161 1331 Daß
1193 1290 1269 1324 aber
1295 1288 1356 1325 das
1384 1288 1498 1331 Glas,
1529 1292 1641 1339 Pech;

608 1341 788 1384 Sigellac,
826 1343 884 1375 ‚alle
910 1343 1014 1378 "Arten
1043 1350 1106 1380 vow
1134 1344 1290 1391 Harzen,
1327 1349 1395 1383 und
1425 1349 1475 1384 die
1501 1346 1641 1393 Seide,

607 1395 709 1434 diefes
720 1394 826 1438 Feuer
839 1394 921 1451 nicht
939 1399 1042 1431 weiter
1053 1400 1161 1438 laufen
1179 1402 1365 1447 laffen.***)
1423 1401 1546 1453 Daher
1563 1405 1643 1446 tells

608 1457 639 1483 te
663 1459 742 1483 man
764 1450 833 1481 eine
857 1449 1013 1490 blecherne
1038 1448 1154 1498 Röhre
1178 1455 1339 1487 entweder
1365 1458 1429 1495 auf
1448 1459 1540 1491 einen
1564 1459 1642 1502 Fuß

610 1511 676 1539 vol
693 1503 783 1541 Öfas
805 1504 876 1539 oder
901 1503 996 1558 Pech;
1028 1504 1104 1540 oder
1116 1505 1213 1554 hieng,
1230 1507 1267 1546 fe
1287 1518 1327 1542 an
1345 1508 1488 1549 feidenen
1500 1509 1642 1558 Schnüs

609 1571 666 1596 rem
687 1562 765 1599 auf,
792 1560 861 1595 und
881 1561 1008 1603 richtere
1030 1560 1068 1599 fie
1087 1571 1188 1609 gegen
1207 1562 1276 1598 eine
1299 1561 1504 1614 Slasfugel
1497 1560 1513 1614 ,
1535 1570 1585 1609 die
1605 1574 1641 1611 in

608 1618 664 1653 der
684 1616 743 1661 erft
762 1617 925 1652 bemelden
940 1615 1145 1663 Mafchiene,
1174 1620 1224 1656 die
1241 1630 1319 1658 man
1330 1620 1642 1676 Eleckrifirmafchte

1605 1696 1645 1723 ne

606 1760 645 1796 *)
667 1759 789 1792 Gilbert
804 1758 849 1790 ein
868 1753 1064 1791 EngeNänder
1082 1759 1119 1791 im
1140 1765 1184 1790 16.
1196 1759 1429 1804 Yahrhundert
1416 1753 1432 1807 ,
1450 1767 1537 1807 zeigte
1552 1769 1642 1807 diefes

668 1810 821 1848 zwerft.in
840 1809 939 1844 feinem
960 1810 1078 1843 Zrackfat
1094 1820 1158 1845 pom
1180 1814 1322 1852 Magnat.

605 1859 666 1895 *K)
688 1859 770 1890 Otto
789 1866 847 1890 von
864 1859 990 1891 Guerife
1012 1870 1057 1894 ein
1082 1861 1316 1901 Burgetmeifter
1341 1866 1371 1895 in
1387 1864 1580 1909 Magdeburg
1603 1872 1643 1905 im

666 1915 788 1946 vorigen
814 1908 1040 1946 Yabrbundert,
1076 1914 1177 1952 erfand
1199 1914 1245 1944 vie
1268 1914 1383 1953 Kugeln
1405 1922 1464 1951 von
1485 1919 1642 1961 Schwefel

667 1963 697 1993 zu
716 1955 893 1988 electrifchen
912 1957 1077 1997 Sebrauch.

605 2006 689 2041 *4#)
713 2005 795 2038 Dan
815 2011 921 2036 nennet
941 2008 1029 2040 daher
1046 2015 1089 2043 die
1137 2013 1253 2052 Metalle,
1277 2017 1333 2048 dag
1348 2017 1463 2062 Waffer
1472 2025 1525 2056 den
1540 2024 1641 2061 Fhierta

666 2053 743 2089 jcben
767 2055 825 2084 und
842 2054 1041 2092 menfehlichen
1058 2059 1175 2098 Körper
1197 2072 1225 2094 u.
1245 2067 1270 2096 d.
1289 2075 1316 2103 g:
1334 2068 1474 2104 leitende
1493 2068 1642 2115 Körper

668 2104 722 2134 bes
754 2103 931 2134 electrifcben
961 2104 1087 2143 Feuerg,
1140 2112 1292 2152 Hingegen:
1325 2119 1429 2158 Glas,
1459 2120 1555 2162 Pech,
1585 2127 1640 2160 alle

663 2148 792 2188 Harzen,
819 2147 983 2184 Schrwrfel,
1010 2154 1159 2195 Sigellac,
1184 2157 1292 2207 Seide,
1316 2166 1433 2207 gebSrrE
1449 2169 1515 2213 Solz
1533 2177 1600 2208 u.
1611 2184 1637 2216 dg

659 2198 747 2237 hidt
763 2199 902 2233 leitende
927 2197 1075 2242 Korper
1092 2210 1144 2241 des
1163 2211 1340 2255 lecieifchen
1359 2216 1485 2256 Feuers.
