1728 2647
586 455 704 499 Dem

341 535 742 595 Durchlauchtigften
773 531 943 593 Sürften

602 630 683 668 und

260 717 640 786 HERRN,
691 710 1036 780 HERRN

137 809 594 928 Chrifian
661 805 1155 924 Friederich

233 960 452 1062 Carl
523 958 1057 1061 Aleyander,

133 1125 416 1183 Margarafen
447 1137 494 1181 zu
523 1121 836 1178 Brandenburg
865 1121 907 1167 in
937 1118 1157 1175 Preußen,

133 1196 177 1232 gu
207 1185 403 1231 Schlefien,
442 1185 678 1231 Magdeburg,
718 1181 831 1222 Eleve,
868 1177 1003 1224 Jülich,
1038 1177 1158 1224 Bergı

137 1239 304 1283 Stettin,
343 1240 546 1284 Pommern,
589 1239 646 1275 der.
683 1237 839 1278 Caffuben
878 1236 945 1272 und
982 1233 1156 1274 Wenden,

135 1304 177 1339 zu
209 1294 441 1340 Mecklenburg
466 1294 533 1330 und
565 1303 603 1336 zu
628 1291 757 1333 Eroßen
785 1290 952 1335 Herzöge;
981 1288 1161 1333 Buraggras

137 1350 195 1389 fen
232 1357 271 1390 zu
299 1342 501 1390 Nürnberg,
540 1346 645 1380 ober
632 1336 649 1391 2
674 1344 740 1378 und
778 1343 950 1391 unterhalb
980 1336 1158 1387 Sebürgss

134 1395 275 1443 SFürften
305 1410 344 1444 zu
365 1398 594 1445 Halberftadt,
625 1396 787 1438 Minden,
820 1396 960 1442 Camin,
986 1396 1159 1440 Wenden,

136 1454 344 1500 Schwerin,
375 1455 559 1505 NRakeburg
584 1455 650 1492 und
669 1450 796 1495 Mörs;
830 1453 962 1496 Grafen
986 1464 1023 1498 zu
1041 1451 1157 1500 Slaß,

135 1511 398 1565 Hohenzollern,
431 1515 487 1551 der
515 1511 635 1556 Mark,
672 1510 893 1558 Ravensberg
922 1510 988 1547 und
1018 1507 1162 1552 Schwe.

134 1572 209 1612 rin;
249 1570 364 1615 Herrn
395 1582 431 1617 zu
462 1569 683 1613 Navenftein,
719 1569 776 1604 der
802 1566 899 1604 tande
929 1565 1063 1609 NMoftock
1092 1564 1161 1601 und

132 1627 351 1675 Stargard
340 1620 365 1675 ;
395 1626 529 1670 Srafen
573 1637 610 1673 zu
648 1623 756 1667 Sayrı
793 1623 859 1661 und.
899 1620 1158 1670 Wirtgenftein;

133 1684 248 1729 Herrn
285 1694 322 1727 zu
361 1682 509 1729 Hmburg
537 1694 579 1718 20.
609 1693 647 1717 20.
715 1678 796 1717 Des
835 1675 988 1723 1öblichen
1027 1672 1160 1724 Fränki

132 1738 223 1783 {chen
255 1737 392 1781 Eraißes
428 1736 531 1780 Craiß
555 1753 565 1769 s'
592 1734 751 1775 Oberften
788 1735 855 1771 und
891 1733 1038 1772 Seneral
1067 1731 1161 1775 Feldo

130 1793 333 1838 Marfchall;.
364 1792 455 1842 Ihro
485 1789 639 1834 NRömifch
667 1788 808 1831 Kaiferl,
832 1785 969 1835 Königl:
996 1781 1158 1831 Majeltät

134 1846 282 1887 Seneral
311 1867 316 1884 s
342 1848 481 1893 Major;
510 1845 600 1895 Ihro
629 1841 764 1891 Königl.
797 1843 1016 1886 Preußilchen
1049 1840 1160 1887 Maje

218 1898 281 1947 tät
310 1901 484 1941 General
469 1892 486 1947 -
503 1900 682 1937 Heutenant‘
715 1900 781 1934 und
811 1896 967 1939 Obriffen
998 1892 1076 1934 über

381 1957 457 2001 dren
487 1954 667 1994 Cavallerie
696 1953 914 2001 Regimenter

280 2123 494 2184 Meinen
541 2123 799 2192 anadiaften
833 2119 1023 2190 Fürften

494 2193 587 2249 10.
630 2190 804 2255 Derthn,
