1533 2397
311 194 373 236 der
387 176 682 241 Manufacturen
705 190 781 232 und
796 165 1008 238 Fabriken.
1067 197 1133 230 10
1138 198 1160 239 5

196 296 271 332 dene
283 286 436 337 Fabriken
444 287 548 338 haben
563 289 636 336 dieſe
650 287 764 336 Regel
773 287 834 325 mit
855 291 955 334 guten
973 283 1096 331 Nutzen
1111 285 1162 328 be⸗

197 351 317 400 folget;
329 353 406 387 und
421 361 496 390 man
511 351 566 401 hat
579 351 652 389 eben
666 349 758 396 dieſes
767 349 823 397 bey
835 348 914 386 einer
922 345 1161 389 Cammertuch⸗

197 410 323 462 fabrike
335 411 370 451 in
394 412 585 461 Schleswig
607 408 798 457 beobachtet,
834 410 882 448 die
901 406 1078 457 uͤberhaupt
1098 409 1161 448 mit

198 472 316 523 großer
335 473 491 527 Klugheit
510 473 701 524 eingerichtet
723 472 760 520 iſt
782 475 848 512 und
874 463 921 512 die
937 468 1002 521 ſehr
1017 468 1079 508 viel
1086 463 1162 551 ver⸗

193 532 364 620 ſpricht.
640 564 644 568 f

274 681 442 773 Nachdem
457 716 518 757 wir
532 716 579 757 die
596 715 659 757 Art
672 719 737 755 und
704 663 706 666 b
765 715 859 764 Welt
878 721 1085 766 vorgetragen
1106 677 1162 765 b,
1172 721 1222 774 Raab
1233 721 1325 773 waar

197 776 335 827 ben,
280 776 337 832 wie
341 781 395 820 die
408 779 596 829 Regierung
603 780 659 819 die
671 779 918 832 Geſellſchaften
920 789 981 827 am
989 778 1085 825 beſten
1101 787 1160 816 un⸗
1180 776 1231 828 det
1235 780 1325 827 ung

198 842 357 889 terſtützen
362 842 460 888 kann,
483 830 538 889 die
554 830 697 889 Fabriken
714 830 862 889 anlegen;
880 839 921 883 ſo
938 839 1081 884 kommen
1097 839 1159 882 wir
1170 829 1235 881 ga

198 900 381 946 nunmehro
384 897 455 945 auf
467 898 514 935 die
538 895 775 943 Unterſtuͤtzung
792 899 849 931 der
859 895 985 941 einzeln
982 894 1159 943 Manufa⸗
1170 885 1312 941 auterflüden

197 957 337 998 eturiers
353 960 422 996 und
439 954 574 1003 Meiſter
599 955 677 1005 bey
678 960 774 1005 denen
795 953 1083 1003 Seiden⸗Wollen
1097 936 1226 997 und

198 1017 571 1069 Leinenmanufacturen,
595 1018 649 1059 als
670 1017 725 1069 bey
745 1017 877 1061 welchen
898 1016 960 1056 wir
979 1017 1026 1064 die
1044 1016 1165 1065 Geſell⸗

200 1082 411 1133 ſchaften,
368 1080 421 1133 als
422 1081 700 1133 Entreprenneurs
702 1080 869 1133 derſelben,
880 1080 955 1133 nicht
972 1080 1019 1133 vor
1012 1080 1166 1133 dienlich

198 1146 339 1194 erachtet
337 1142 452 1194 haben.
477 1137 544 1180 Da
555 1137 627 1188 hier
634 1143 701 1180 das
709 1137 1011 1186 Hauptaugenmerk
1021 1144 1077 1179 der
1090 1139 1162 1178 Re⸗

199 1203 339 1254 gierung
339 1199 448 1250 dahin
468 1200 611 1249 gerichtet
624 1199 696 1248 ſeyn
714 1197 806 1246 muß,
844 1197 917 1247 dieſe
937 1197 1055 1239 Leute
1057 1210 1079 1239 in
1104 1204 1164 1244 den

201 1262 330 1311 Stand
322 1261 358 1313 zu
407 1262 505 1311 ſetzen,
531 1262 594 1309 daß
612 1263 650 1312 ſie
677 1262 733 1311 ſich
753 1261 838 1312 ſelbſt
858 1261 1001 1313 verlegen
1024 1263 1167 1313 koͤnnen;

201 1324 235 1375 ſo
250 1324 287 1373 iſt
301 1324 361 1370 das
374 1326 465 1377 erſte,
491 1334 570 1368 was
582 1326 620 1375 ſie
639 1326 801 1379 hierinnen
819 1325 902 1376 thun
924 1326 1018 1375 kann,
1043 1326 1106 1375 daß
1126 1328 1166 1375 ſie

201 1388 345 1439 dieſelben
361 1390 422 1436 mit
440 1388 599 1440 Stuͤhlen
615 1393 689 1430 und
704 1388 992 1439 Handwerkszeuge
1005 1399 1043 1437 zu
1056 1388 1170 1431 Ausüuͤ⸗

202 1448 277 1499 bung
298 1448 386 1499 ihrer
386 1448 713 1499 Manufacturarbeit
719 1450 1084 1499 verſiehet.
918 1448 997 1499 Wenn
1018 1448 1081 1499 man
1091 1459 1205 1494 vor⸗

201 1506 355 1556 ausſetzet,
375 1504 422 1563 daß
438 1504 519 1563 unter
536 1504 588 1563 den
605 1506 640 1554 go
657 1504 836 1563 geſchickten
852 1504 974 1563 fremden
990 1504 1166 1563 Arbeitern,

201 1566 312 1618 welche
325 1566 372 1605 die
383 1564 571 1614 Regierung
584 1565 730 1613 vermoͤge
744 1568 796 1603 der
802 1562 1068 1611 auszuzahlenden
1080 1563 1165 1612 Rei⸗

202 1631 331 1682 ſekoſten
338 1627 469 1680 jahrlich
484 1626 518 1665 in
527 1630 586 1666 das
600 1620 665 1682 Land
682 1620 791 1682 ziehet,
809 1636 862 1675 30
868 1620 1167 1667 Seiden⸗Wollen⸗

204 1685 257 1739 und
277 1688 517 1739 Leinenarbeiter
533 1690 619 1739 ſind;
636 1691 703 1735 und
710 1699 803 1738 wenn
818 1699 896 1728 man
910 1687 1086 1731 annimmt,
1101 1685 1167 1734 daß

206 1754 256 1797 ein
263 1754 379 1807 Stuhl
391 1746 452 1807 und
453 1748 786 1802 Handwerksgeraͤthe
793 1760 853 1792 vor
861 1751 951 1791 einen
963 1747 1114 1792 Arbeiter,
1122 1746 1166 1786 ei⸗

206 1817 310 1863 nen
272 1809 307 1866 in
323 1822 383 1866 das
396 1820 492 1855 andre
504 1819 668 1866 gerechnet,
679 1825 725 1862 Jo
734 1813 831 1863 rthlr.
843 1813 968 1862 koſtet;
975 1811 1014 1862 ſo
1028 1809 1113 1848 wird
1126 1810 1165 1858 ſie

209 1882 273 1911 nur
282 1879 338 1923 den
347 1860 546 1933 zwanzigſten
554 1876 645 1929 Theil
651 1885 721 1927 von
726 1879 777 1915 der
783 1873 913 1928 jaͤhrlich
916 1853 1166 1926 ausgeworfnen

210 1931 360 1976 Summe
367 1941 477 1994 nöͤthig
486 1931 732 1994 haben
607 1931 641 1994 um
660 1931 732 1994 dieſe
752 1950 786 1986 zo
791 1937 955 1987 Arbeiter
944 1932 1047 1984 damit
1053 1944 1090 1983 zu
1098 1945 1168 1991 ver⸗

210 1994 367 2044 ſehen.
334 1990 368 2057 Es
375 2001 456 2040 wird
464 2001 603 2053 rathſam
611 2000 755 2050 ſeyn,
708 1990 759 2057 daß
761 2011 838 2040 man
851 1998 946 2048 ihnen
952 2004 1015 2033 nur
1028 1996 1073 2050 die
1089 1980 1168 2059 helf⸗

211 2064 241 2097 te
257 2062 309 2098 der
323 2055 473 2101 Summe
490 2065 627 2115 ſchenket,
637 2069 708 2103 was
723 2066 774 2101 der
787 2058 901 2108 Stuhl
914 2059 979 2098 und
987 2060 1046 2098 das
1054 2060 1167 2108 Hand⸗

678 2122 716 2164 G
743 2136 762 2172 5
1052 2121 1168 2161 werks⸗
