1844 2888
720 233 805 281 <<
837 223 956 292 (11)
983 232 1066 278 9

763 335 909 428 Bon
930 340 1032 415 den

651 416 1121 566 Heimen.

599 690 961 784 Deutfchen
1010 693 1207 784 haben
1247 709 1511 798 zweyer:

504 788 623 880 ey
637 785 861 865 Reime
874 795 914 874 /
938 787 1310 889 Männliche
1327 803 1368 882 /
1385 804 1511 885 und

528 879 883 976 Weibliche,

373 980 440 1049 FH,
485 975 628 1057 Die
643 975 1058 1068 NMännlichen
1086 977 1355 1072 beftehen
1393 1002 1516 1062 nur

280 1070 521 1147 ineiner
537 1071 919 1164 Sylbe/und
938 1073 1064 1166 find
1079 1079 1235 1176 ohne
1254 1075 1516 1173 Zweifel

275 1164 340 1256 fo
353 1178 644 1256 genennet
655 1176 946 1255 worden/
964 1170 1103 1246 weil
1118 1170 1188 1261 fie
1206 1173 1516 1274 herBbhafft

275 1269 402 1348 nd
419 1261 720 1354 männlich
738 1263 1002 1356 Flingen,
1047 1282 1090 1356 3.
1119 1284 1202 1343 €,

1144 301 1306 324 EEE
1364 316 1379 324 Ca

428 1352 600 1419 SD
621 1364 686 1421 dur
712 1356 809 1428 haft
834 1362 957 1430 mich
980 1358 1079 1431 auf
1093 1320 1319 1513 Serie
1401 1330 1591 1477 Ka
1603 1332 1695 1481 A
1707 1385 1750 1396 —

427 1431 585 1500 Miche
608 1448 717 1508 zum
731 1431 1072 1513 Mißiggehn
1089 1436 1320 1529 beftellt:

420 1507 597 1578 Qrbeit
625 1513 718 1584 hab
738 1517 804 1584 ich
827 1516 930 1586 fat
955 1525 1060 1580 und
1082 1513 1257 1594 früh
1230 1507 1257 1594 /

422 1589 542 1652 Und
561 1593 691 1664 nicht
715 1595 808 1654 viel
833 1607 921 1654 vor
935 1599 1095 1657 meine
1125 1590 1338 1673 Mühz

419 1662 666 1740 Dennoch
690 1672 774 1743 laß
796 1673 864 1744 ich
890 1677 1014 1744 nicht
1047 1675 1267 1748 davon
1243 1662 1267 1748 /

423 1741 587 1810 Denn
607 1751 674 1820 ich
694 1752 818 1818 weiß
844 1759 932 1813 den
946 1750 1356 1831 Snaden-Lohn

425 1819 516 1900 In
541 1834 653 1888 dem
676 1836 863 1890 andern
889 1827 1042 1893 Eeben
1064 1828 1231 1908 (hop.
1408 1842 1497 1903 nA

364 1912 478 1984 HN.
520 1915 666 1996 Die
704 1916 1080 2010 Weiblichen
1131 1925 1397 2018 beffehen
1440 1928 1509 2005 in

276 2011 441 2096 zwen
467 2003 781 2096 Sylben/
808 2023 934 2089 und
965 2018 1162 2111 haben
1188 2030 1298 2094 den
1323 2021 1508 2113 Nabhs

274 2108 416 2206 men
430 2104 825 2199 vermutblich
841 2110 1068 2202 daher
1040 2104 1061 2206 /
1083 2118 1224 2191 weil
1238 2116 1311 2206 fie
1333 2121 1515 2194 einen

276 2191 535 2284 weichen
593 2204 719 2302 und
777 2205 1091 2299 gleichfam
1157 2208 1507 2305 weiblichen

272 2279 490 2377 Klang
502 2287 719 2380 habeit,
782 2307 897 2386 3.e.

426 2381 655 2455 Welcher
677 2386 994 2464 unvergnugt
1017 2391 1101 2453 wil
1126 2392 1274 2463 eben
1284 2404 1317 2476 /
1364 2376 1485 2495 Sf
1490 2382 1665 2496 ff

417 2455 538 2532 Der
561 2462 695 2536 darf
714 2480 816 2537 nur
840 2470 959 2545 nach
972 2467 1150 2547 Ehren
1165 2468 1406 2555 fireben

407 2613 412 2616 ;
636 2572 640 2578 )
1333 2556 1505 2634 De
