1844 2888
1 1866 27 1896 uch
46 1880 96 1888 Ads

31 1890 109 1903 Ya

22 2507 125 2635 MW

257 301 405 374 ‚28
437 320 527 368 nun
555 313 645 379 der
658 307 825 382 König
850 319 986 372 ward
1007 313 1241 387 geftochen

311 383 510 459 Dekam
534 395 614 444 der
647 385 783 459 Hund
812 392 916 460 eins
939 406 1004 467 an
1030 402 1115 455 den
1122 396 1383 469 Kuochen:

308 457 497 523 Damit
521 460 772 529 verfluchte
798 465 853 535 fie
879 470 946 525 die
955 465 1122 542 Kegel

310 537 424 600 Und
447 540 551 607 hieß
570 548 657 600 den
671 538 919 613 Schieber
938 549 1073 608 einen
1100 546 1285 625 Flegel,

281 630 392 701 XV.
421 624 549 703 Ben
573 626 624 702 0
650 625 898 701 beftalten
920 631 1185 715 Sachen
1168 624 1191 736 /
1203 641 1345 732 halte
1375 639 1450 796 i

1430 746 1452 776 g

145 741 367 747 diefe
392 702 759 784 Vermehrung
776 712 1409 793 derReime
1087 702 1178 793 vor
1203 712 1409 793 überflüt

229 780 339 856 fig/
375 786 486 846 und
510 786 686 850 werde
711 789 828 851 mir
861 790 998 865 nicht
1020 794 1103 858 die
1122 789 1309 866 Mühe
1326 801 1449 876 nehe

228 857 631 950 men/diefelben
664 867 798 956 dem
820 867 1230 946 nachfolgenden
1250 876 1446 943 Reime

226 935 470 1014 MRegifker
490 944 921 1030 einzuverleiden.
1244 989 1377 1043 u

287 1023 427 1104 XVI.
449 1019 608 1088 Was
620 1022 705 1106 die
708 1020 1032 1115 Berfegung
1045 1028 1135 1095 der
1146 1022 1348 1115 Keine
1361 1030 1442 1097 be-

225 1089 390 1175 trifft/
404 1089 455 1168 fo
468 1096 644 1170 haben
666 1097 756 1174 fi
776 1109 877 1164 vor
890 1114 1128 1193 weniger
1148 1100 1273 1185 Zeit
1286 1117 1444 1187 Ueute

224 1168 511 1255 gefunden/
523 1174 703 1246 welche
727 1182 815 1243 den
850 1176 980 1261 Rein
1016 1184 1174 1251 lieber
1185 1195 1319 1276 zum
1327 1187 1441 1269 An«

222 1251 420 1326 fattge/
442 1255 528 1320 als
550 1262 675 1331 zum
698 1254 1001 1337 Yusgange
1033 1263 1128 1329 der
1140 1257 1323 1346 Zeilen
1343 1270 1446 1343 Da»

224 1324 320 1390 ben
334 1332 659 1408 gebrauchen
680 1333 896 1401 wollen.
924 1348 1032 1414 3.6.

305 1415 334 1448 1
391 1404 561 1467 Richter
579 1410 739 1457 niemals
759 1412 897 1465 fremde
916 1412 1069 1473 Berfe/

386 1465 554 1524 Tıchtet
574 1466 688 1526 lieber
707 1475 827 1519 etwas
849 1464 995 1527 beffers.

296 1531 332 1567 2,
386 1523 494 1578 Zaft
513 1523 571 1572 die
581 1526 737 1584 Zugend
755 1531 988 1586 ungetadelt/

381 1580 505 1639 %aße
523 1579 700 1639 hingegen
719 1585 790 1642 alle
807 1587 946 1645 Lajter,

269 1643 326 1685 ‚3.
378 1638 527 1693 Zafter
547 1640 621 1695 find
640 1641 704 1687 der
714 1643 862 1692 Seelen
882 1643 1061 1694 Wutdett
1069 1646 1092 1694 /

357 1695 512 1752 Da
533 1696 578 1752 fle
597 1695 750 1756 bringen
767 1711 836 1758 gar
854 1703 922 1763 den
932 1701 1059 1751 Zodt;

376 1753 550 1809 Pflafter
568 1756 655 1807 aber
677 1759 748 1818 find
772 1760 832 1805 die
846 1757 1060 1818 Sprüche
1042 1753 1061 1818 /

450 1816 526 1884 Da
535 1818 616 1888 Uns
628 1811 746 1864 SDtt
766 1827 835 1892 gut
848 1813 962 1875 Bulle
982 1817 1086 1874 Cufft
1186 1849 1248 1892 iA

254 1882 444 1970 „XVIL
467 1884 635 1957 Dun
646 1888 749 1973 wil
764 1887 834 1966 ich
857 1897 1009 1985 zwar
1030 1892 1150 1960 dem
1165 1888 1431 1988 Erfinder

215 1958 293 2023 die
324 1959 475 2036 Ehre
513 1968 605 2042 der
644 1974 916 2059 cariofitat
943 1968 1094 2062 nicht
1120 1973 1427 2061 difputirlich

216 2032 458 2110 machen:
493 2039 649 2120 Doch
672 2045 876 2123 Wweikich
888 2057 986 2127 zur
995 2042 1120 2125 Zeit
1131 2048 1269 2138 nicht
1289 2051 1425 2126 febe/

208 2105 338 2201 {was
361 2114 455 2263 in
485 2113 668 2201 fölcher
691 2122 803 2204 Art
822 2127 944 2217 dem
969 2124 1271 2216 Schreiber
1288 2134 1424 2206 der

209 2191 330 2255 dem
344 2193 483 2285 Lefer
492 2203 593 2277 vor
605 2198 686 2274 ein
697 2197 956 2280 VBortheil
970 2200 1230 2281 zuwächft
1251 2211 1264 2280 /
1273 2199 1326 2282 fo
1338 2209 1444 2289 bee

216 2263 372 2353 gebt
396 2270 464 2349 ich
479 2278 617 2352 Feine
634 2277 1067 2360 nachzumachen.

219 2350 460 2421 „XVII.
523 2349 691 2430 Wolfe
719 2367 831 2427 man
854 2349 1418 2453 vorivenden
1209 2349 1293 2453 Sa
1328 2349 1418 2453 der

201 2415 368 2515 DWers
390 2422 569 2513 folcher
582 2429 775 2521 geffalt
786 2445 892 2576 Hm
907 2431 958 2519 fo
970 2430 1074 2505 wiel
1093 2428 1229 2524 Delta
1246 2436 1419 2594 eu
