1728 2646
1038 354 1212 403 11
107 428 1220 506 in den Ephemeridibus ſocietatis Meteorologieae
107 485 1219 564 palatinae17381. umſtaͤndlich erzaͤhlet werden. Mari⸗
107 541 1217 614 ilian Theodor, der Pfaͤlzer und Baiern Churfuͤrſt,
109 598 1223 671 ein eben ſo groſer und grundlich gelehrter Naturfor˖
108 646 1225 730 ſcher, als weiſer und guter Regent beſchloß zuerſt unter
108 710 1225 785 den Fuͤrſten Deutſchlands die Wetterableiter in ſeinen
111 763 1223 836 Landen einzufuhren. Auf ſeinem Luſtſchloß Schwet.
111 817 1229 895 zingen ließ er den erſten Wetterableiter anlegen. Kaum
112 873 1227 950 war es geſchehen, ſo wurde er mit Bitten ſeiner Unter⸗
115 931 1229 1010 thanen uberhaͤuft, es entweder zu unterlaſſen, oder
116 983 1226 1061 wenigſteus ſich nicht an einem ſo gefaͤhrlichen Ort auf⸗
114 1038 1231 1116 zuhalten. Allein er mußte, um die Vorurcheile zu
114 1097 1217 1170 widerlegen, dieſe Bitte ſeiner Unterthanen verſagen.
114 1144 1229 1223 Er wohnte dem naͤchſten Sommer auf ſeinem mit
115 1203 1230 1276 Wetterableitern verſehenen Luſtſchloß ruhig, waͤhrend
115 1259 1234 1328 dem ſein Volk ben jedem Wetter aͤnaſtlich um ſein Le⸗
117 1310 1236 1381 ben beſorgt war. Das folgende Jahr ließ er auch an
118 1369 1238 1438 ſeinem Schloß zu Mannheim einen Wetterableiter an⸗
120 1426 1236 1497 richten; zwar nicht ganz ohne Beaͤngſtigung, aber
122 1477 1237 1555 ſchon mit mehrerer Beruhigung der Einwohner; da ſie
122 1531 1238 1610 wuſten, daß ihr Churfuͤrſt bereits einen Sommer un⸗
121 1593 1239 1665 ter einem Wetterableiter ſicher zugebracht hatte. Jm
121 1656 1234 1722 dritten Jahr fiengen ſchon viele Privatperſonen an,
121 1704 1238 1779 die Wetterſtangen aufrichten zu laſſen, und bald wur˖
121 1772 510 1836 den ſie allgemein.
160 1815 1239 1886 Nun fiel dieſem groſem Reichsfuͤrſten auch Chur⸗
124 1874 1239 1942 Baiern durch Erbſchaft zu. Daher dachte er gleich
124 1927 1241 1994 darauf, auch ſein Muͤncher Schloß und das Sommer⸗
125 1983 1241 2054 Schloß zu Nymphenburg, durch Wetterableiter vor dem
124 2040 1241 2108 Blitz zu verwahren. Aber hier geſchahe, was man kaum
125 2093 1225 2162 denken ſollte. Der Poͤbel wurde von der Geiſtlichkeit an⸗
124 2147 1239 2217 geſtiftet, ſich dieſem Unternehmen zu widerſetzen. Es
123 2199 1238 2271 entſtund alſo ein Tumult, und die Wetterableiter mu⸗
122 2258 1230 2328 ſten unter dem Schutz der Waffen aufgerichtet werden.
985 2310 1232 2368 Kaum
1344 443 1414 483 ſ''
1360 475 1407 511 1
1388 679 1431 714 l
1388 704 1429 749 (
1372 2153 1429 2187 l
1359 2182 1431 2221 f
