1728 2647
602 317 647 369 4
603 389 1657 460 gegen einen andern Koͤrper hinhielt, er leichte Koͤrper
603 439 1657 520 an ſich zog, kniſterte und in der Dunkelheit, kleine
603 498 1657 569 Fuͤnkchen ſehen ließ. Weil der Bernſtein, electrum
602 556 1657 629 heiſt, ſo nannte man dieſes reuer, eleetriſches Feuer.
603 603 1657 687 Man bemerlte hernach auch, daß Glas, Pech, Schwe—
603 660 1657 738 fel, Siegellac) u. d. g. das nehmliche Feuer von
603 725 1657 794 ſich geben, wenn man ſie entweder mit der Hand, oder
602 776 1268 839 mit einem ledernen Kaſſen reibt.
642 831 1657 905 Daher machte man Maſchienen in welche man Ku.
602 889 1657 963 gein von Glas, oder Schwefel') einſezte, und durch
602 945 1657 1017 ein Rad herum trieb; an die Kugel aber ein Kuͤſſen
602 990 1657 1071 anhielt. Um aber das Feuer, welches man durch das
600 1055 1657 1127 Reiben dieſer Glas und Schwefelkugeln erhielt, zu
599 1110 1657 1179 ſammeln, machte man folgende Einzichtung. Man
598 1164 1657 1230 bemerkte daf diefes Feuer von einer geriebenen Glas.
598 1219 1657 1296 kugel, gerne auf alle Arten von Metallen loß gehet
599 1275 1657 1349 und daran fort lauft. Daß aber das Glas, Pech,
598 1332 1657 1401 Sigeilac, aile Arten von Harzen, und die Seide,
597 1386 1657 1460 dieſes Feuer nicht weiter laufen laſſen. ) Daher ſtell.
599 1440 1657 1512 te man eine blechene Roͤhre entweder auf einen Fuß
600 1486 1657 1567 von Glas oder Pech; oder hieng ſe an ſeidenen Schnu.
598 1551 1657 1620 ren auf, und rchtete ſie gegen eine Glaskugel, die in
597 1606 1657 1685 der erſt bemelden Maſchiene, die man Electriſirmaſchie⸗
1545 1688 1657 1733 ne
546 1744 1657 1817 0) Gilbert ein Cngellaͤnder im 16. Jahrhundert, zeigte dieſes
613 1800 1369 1860 zu erſt in ſeinem Traeat vom Magnat.
546 1849 1657 1918 ) Otto von Guerike ein Burgermeiſter in Magdeburg im
607 1899 1657 1971 vorigen Jhrhundert, erfand die Kugeln von Schwefel
611 1948 1119 2006 zu electrtſchen Gebra:ch.
558 1997 1656 2071 A) Man nennet daber die Metalle, das Waſſer den thieri.
616 2046 1656 2124 ſcken und men'ck en Korper u. d. g. leitende Rorper
656 2095 1656 2172 des electrſchen Feuers. Hinacgen Glas, Pech, alle
652 2140 1656 2225 Harzen, Schw fel. Sigellac, Seide, gedoͤrrt Holz u. d.g.
649 2190 1528 2261 nicht leitende Roͤrper des rlec.riſchen Feuers.
