1280 2085
282 55 310 86 2
514 51 725 117 Politiſche
743 55 1038 125 Unterweiſung

271 140 423 189 “ändert
450 148 628 194 fvorden
621 150 644 203 /
673 155 759 197 nnd-
769 154 831 203 lat
862 165 958 204 man
979 163 1022 210 es
1047 165 1240 217 genennet:

285 200 620 265 Inſtructions
663 200 933 285 politiques
1001 219 1134 291 pour
1167 217 1239 279 un

272 277 674 346 Gcnulhomme
687 313 705 353 ;
740 290 1013 370 Politiſche
1046 299 1239 366 Unter-

276 348 499 425 wéiſung
524 364 623 417 vor
648 358 791 425 éinén
812 359 1238 439 Edelmann
1102 376 1128 442 /
1146 370 1241 439 öder

275 435 355 497 die
375 432 551 509 Kunſt
571 441 665 518 bey
698 441 847 519 Hofe
866 440 1011 526 wohl
1025 452 1234 535 fortzu-

275 502 529 578 fommeñ:
568 522 652 577 Die
677 527 850 586 Lehrſäge
887 534 1069 587 darinnen
1086 539 1231 600 zeigen/

274 581 349 627 daß
363 586 425 623 der
448 581 592 627 Autor
607 583 647 629 in
663 587 732 633 den
750 584 903 642 Circuln
918 598 984 640 des
1004 586 1117 661 Hofes
1132 588 1229 666 nicht

271 642 519 696 unerfahren
504 651 525 705 /
552 646 699 699 ſondern
717 650 853 711 ſelbige.
866 657 962 712 wohl
978 655 1227 720 durhgegan-

269 711 367 758 gen
348 711 373 767 /
398 708 487 763 auch
502 709 572 763 daß
588 724 629 758 er
644 716 700 762 die
726 715 906 770 Warheit
928 725 1022 779 nicht
1037 726 1226 788 verhaltez

258 769 307 805 es
322 766 428 808 tóâre
439 768 643 819 dann/daß
657 773 876 832 erzuweilen
884 773 948 834 ſich
957 785 1011 828 die
1025 777 1225 841 naturliche

264 823 492 881 Qunciazung
513 832 590 872 und
607 830 864 890 akgebohtten
888 831 1009 895 Aﬀect
1027 850 1144 901 gegen
1159 838 1223 898 [et-

263 894 339 930 nen
358 886 485 942 König
501 899 543 945 zu
559 888 693 940 kleinen
712 891 1078 961 Ansfchiweiffungen
1089 905 1221 958 verleio

249 950 322 988 ‘ten
338 944 450 999 lieſſe;
481 950 718 1009 tvelchesdo<)
738 961 812 1007 dem
823 953 925 1020 Leſer
942 958 1067 1022 nichts
1076 957 1221 1025 ſchaden

258 1006 355 1056 fan/
389 1011 513 1062 indem
536 1011 628 1067 ohne
652 999 720 1067 dif.
742 1014 994 1084 getvöhnlich
979 1025 1001 1085 /
1018 1025 1084 1083 daß
1106 1028 1215 1086 jeder

245 1063 400 1115 ‘Autor
413 1071 619 1131 deéjenigen
634 1063 892 1142 Potentáten
881 1075 903 1141 /
903 1075 1215 1148 worunter
1104 1087 1139 1145 er
1156 1093 1216 1154 geo

296 1130 460 1184 bohren
442 1137 459 1190 /
481 1131 572 1182 ſeine
597 1132 803 1186 AQiones
815 1138 877 1188 als
896 1147 953 1192 die
966 1142 1174 1208 aſléxbeſten

383 1196 461 1251 gus
467 1192 758 1259 eingepflautter
773 1189 1095 1279 Ehrerbietung.

476 1308 493 1325 __
548 1253 863 1336 herausſireichet

653 1453 700 1486 9
724 1453 814 1488 11232

633 1459 637 1466 FD
