2658 3262
896 518 1081 547 Drummondi
1118 520 1218 542 Benth.,
1253 517 1299 542 mit
1336 516 1486 547 ſeidenartig
1525 517 1660 541 behaarten

894 556 1023 585 Zweigen,
1052 553 1089 578 die
1115 551 1254 581 gleichfalls
1285 551 1420 578 behaarten
1446 550 1591 580 Blattſtiele
1616 549 1661 574 mit

893 589 1020 618 warzigen
1046 585 1159 616 Drüſen,
1186 585 1223 610 die
1247 584 1334 615 gelben
1361 584 1476 614 Blüthen
1506 584 1530 609 in
1556 582 1661 614 großen,

894 619 1072 651 cylindriſchen
1093 619 1194 647 Aehren
1217 618 1250 643 im
1272 617 1463 649 Juli⸗Auguſt.
1502 632 1503 635 —
1536 618 1594 643 Von
1617 619 1661 642 den

895 654 1037 681 bewehrten
1064 653 1143 679 Arten
1174 654 1273 678 werden
1305 651 1421 683 folgende
1450 658 1491 677 am
1523 650 1662 681 häufigſten

895 688 1021 715 cultivirt:
1046 687 1078 711 A.
1103 685 1271 710 Farnesiana
1290 688 1383 710 Wld.,
1404 685 1516 712 Strauch
1537 692 1585 710 aus
1608 687 1661 709 dem

895 722 1036 750 nördlichen
1058 720 1170 751 Indien,
1191 720 1237 746 mit
1258 719 1519 751 doppelt⸗gefiederten
1541 717 1662 745 Blättern

896 758 947 784 und
969 756 1062 787 köſtlich
1084 754 1228 784 duftenden,
1250 757 1337 786 gelben
1359 752 1601 784 Blüthenköpfchen,
1627 752 1662 777 im

895 791 1019 822 Uebrigen
1046 791 1105 815 aber
1130 795 1178 815 von
1200 789 1283 820 wenig
1304 788 1453 821 gefälligem
1474 787 1590 816 Habitus
1611 788 1663 810 und

896 827 1006 854 deshalb
1027 831 1075 850 nur
1099 830 1147 850 von
1173 824 1302 855 geringem
1335 822 1530 849 ornamentalen
1552 819 1663 847 Werthe.

894 861 963 887 Doch
989 859 1017 890 iſt
1044 858 1120 885 dieſer
1140 858 1252 885 Strauch
1278 857 1319 889 für
1338 857 1441 888 Italien
1463 858 1514 881 und
1540 855 1578 880 die
1598 854 1663 884 Pro⸗

895 896 985 926 vinzen
1009 901 1059 920 von
1083 893 1250 923 Wichtigkeit,
1277 892 1362 918 indem
1388 898 1412 916 er
1437 890 1493 916 dort
1518 891 1559 914 als
1580 887 1664 917 Caſſie

896 930 937 960 für
951 929 1041 959 Zwecke
1063 930 1104 954 der
1119 927 1281 960 Parfümerie
1296 925 1432 957 allgemein
1454 922 1567 949 cultivirt
1589 921 1664 946 wird;

896 965 953 990 auch
974 963 1062 994 eignen
1084 961 1125 992 ſich
1148 961 1186 986 die
1207 959 1441 991 Blüthenköpfchen
1468 957 1529 987 recht
1554 955 1598 987 gut
1625 961 1665 982 zur

896 996 1142 1027 Bouquetbinderei.
1159 1009 1190 1011 —
1203 995 1238 1019 A.
1257 993 1406 1025 pulchella,
1424 994 1449 1016 K.
1473 993 1524 1019 Pr.,
1542 989 1587 1025 mit
1603 989 1655 1014 knie

896 1032 991 1061 förmig
1023 1030 1166 1060 gebogenen
1196 1028 1285 1058 Aeſten
1319 1030 1369 1052 und
1401 1025 1493 1057 paarig
1515 1023 1665 1055 geſiederten

896 1065 1031 1092 Blättern;
1064 1064 1101 1089 die
1135 1063 1272 1093 hellgelben
1302 1058 1535 1089 Blüthenköpfchen
1568 1057 1664 1084 einzeln

896 1100 1003 1130 ſtehend,
1019 1096 1169 1127 Mai⸗Juni.
1207 1096 1273 1126 Noch
1295 1093 1392 1125 ſchöner
1407 1092 1458 1124 ſind
1475 1091 1539 1115 Var.
1553 1090 1665 1115 racemi-

897 1132 973 1158 flora,
996 1131 1117 1159 elegans,
1139 1130 1276 1154 aculeata,
1299 1126 1423 1156 speciosa
1439 1133 1462 1150 u.
1479 1132 1500 1150 a.
1517 1131 1550 1149 m.
1565 1139 1597 1141 —
1615 1123 1666 1150 Die

900 1167 981 1193 zweite
1002 1165 1114 1194 Section,
1131 1165 1167 1190 bei
1190 1167 1231 1190 der
1251 1161 1303 1191 alſo
1326 1161 1364 1186 die
1379 1159 1484 1185 Blätter
1499 1158 1570 1184 durch
1586 1158 1655 1188 Phyl

898 1202 980 1228 lodien
1002 1200 1078 1233 erſetzt
1100 1202 1212 1226 werden,
1234 1196 1261 1227 iſt
1282 1194 1394 1231 ungleich
1416 1194 1506 1219 reicher
1525 1200 1557 1218 an
1579 1193 1666 1219 Arten.

897 1237 953 1263 Alle
973 1235 1025 1261 ſind
1048 1236 1071 1260 in
1087 1232 1234 1264 Auſtralien
1264 1236 1294 1265 zu
1299 1228 1391 1260 Hauſe.
1430 1228 1526 1259 Einige
1542 1227 1666 1256 derſelben

899 1270 1041 1300 empfehlen
1067 1268 1109 1293 ſich
1136 1268 1207 1293 durch
1233 1263 1374 1290 Schönheit
1401 1267 1459 1288 oder
1486 1263 1556 1288 durch
1580 1261 1656 1292 Origi

898 1304 990 1331 nalität
1012 1305 1055 1329 des
1076 1301 1204 1330 Habitus,
1224 1298 1291 1324 viele
1318 1298 1389 1323 durch
1415 1297 1507 1323 reichen
1531 1296 1592 1324 Flor
1617 1299 1667 1321 und

899 1340 969 1365 durch
1000 1340 1046 1363 den
1073 1335 1199 1364 köſtlichen
1226 1330 1293 1361 Duft
1320 1334 1361 1357 der
1386 1331 1509 1359 Blüthen.
1548 1331 1605 1356 Alle
1631 1338 1658 1361 ge

899 1375 975 1399 hören
1002 1371 1026 1395 in
1058 1373 1103 1394 das
1129 1366 1275 1396 temperirte
1302 1364 1506 1391 Gewächshaus.
1544 1365 1601 1390 Aus
1629 1368 1669 1390 der

898 1406 995 1435 Menge
1015 1410 1063 1429 von
1079 1402 1159 1427 Arten
1180 1400 1279 1435 führen
1292 1398 1339 1424 wir
1360 1405 1408 1425 nur
1428 1399 1466 1425 die
1488 1399 1512 1424 in
1534 1401 1579 1424 den
1601 1399 1658 1423 Gär

898 1443 938 1465 ten
967 1440 1018 1463 und
1050 1437 1073 1462 in
1106 1439 1150 1461 den
1175 1435 1347 1469 Collectionen
1378 1435 1420 1459 der
1445 1433 1560 1460 Freunde
1591 1432 1667 1457 dieſes

898 1470 1183 1506 Pflanzengeſchlechtes
1221 1467 1360 1497 häuſigſten
1398 1467 1454 1494 auf:
1496 1467 1527 1491 A.
1560 1471 1667 1490 armata

903 1510 926 1532 R.
946 1509 996 1530 By.,
1019 1503 1218 1536 asparagoides
1240 1506 1332 1527 Cunn.,
1355 1501 1468 1526 cordata
1490 1504 1549 1525 Se.,
1572 1499 1655 1525 cultri

900 1540 995 1566 formis
1018 1544 1110 1563 CQImmn.,
1136 1535 1319 1569 cyanophylla
1346 1539 1440 1561 Tindl.,
1471 1535 1610 1567 decipiens
1643 1537 1661 1557 E

902 1579 955 1600 Br.,
986 1573 1127 1599 dentifera
1158 1574 1256 1596 Benth.,
1293 1571 1391 1596 diffusa
1424 1572 1518 1594 Lindl.,
1549 1568 1666 1593 dolabri-

900 1608 996 1635 formis
1023 1609 1132 1633 Mendl.,
1163 1606 1268 1631 falcata
1297 1607 1380 1629 Wilid.
1410 1612 1465 1629 var.
1496 1602 1667 1632 longissima,

900 1642 1055 1669 floribunda
1084 1643 1171 1666 Willd,
1192 1641 1373 1671 glaucescens
1396 1640 1488 1662 Mlld.,
1507 1636 1667 1669 juniperina

899 1679 966 1704 DC.,
989 1675 1105 1701 linifolia
1128 1677 1219 1701 WId.,
1241 1673 1385 1704 longifolia
1411 1674 1503 1696 Wid.,
1520 1669 1666 1694 oleaefolia

902 1716 996 1735 Cunn.,
1028 1708 1173 1741 petiolaris
1198 1711 1290 1731 Lohm.,
1315 1707 1473 1739 platyptera
1502 1705 1595 1727 Tindl.,
1622 1710 1668 1733 pu-

901 1743 1078 1777 gioniformis
1104 1744 1206 1767 Mondl.,
1222 1741 1364 1766 retinodes
1387 1740 1520 1762 Schlchtd.,
1545 1735 1668 1760 rotundi-

901 1779 966 1804 folia
986 1778 1073 1801 Hoot.,
1096 1775 1279 1799 subcoerulea
1296 1777 1349 1797 Bot.
1368 1774 1436 1798 Neg.,
1459 1769 1667 1794 strombulifera

909 1814 1000 1836 MWrlld.,
1023 1809 1187 1835 suaveolens
1211 1810 1303 1832 lld.,
1328 1806 1454 1831 umbrosa
1473 1808 1562 1827 Cunn.,
1583 1802 1670 1826 undu-

902 1847 956 1872 lata
982 1847 1074 1869 WMlld.,
1097 1842 1257 1875 spectabilis
1275 1845 1365 1865 Cunn.,
1383 1837 1552 1863 verticillata
1579 1837 1670 1860 Wlid.,

902 1885 1005 1905 vestita
1030 1881 1087 1902 Ker.

935 1915 993 1941 Alle
1015 1913 1123 1942 Akazien
1146 1911 1266 1942 bedürfen
1288 1916 1373 1941 wegen
1402 1907 1470 1935 ihrer
1492 1904 1599 1940 ziemlich
1622 1903 1661 1929 ent

901 1950 1022 1975 wickelten
1044 1946 1229 1978 Pfahlwurzel,
1253 1945 1290 1971 die
1311 1950 1359 1969 nur
1381 1942 1418 1968 bei
1440 1941 1532 1972 jungen
1548 1939 1671 1974 Pflanzen

902 1987 982 2009 etwas
1004 1981 1142 2012 eingekürzt
1156 1983 1255 2004 werden
1268 1978 1333 2009 darf,
1347 1978 1418 2003 mehr
1429 1974 1501 2004 tiefer
1514 1976 1563 1998 und
1584 1972 1662 2001 ſchma

903 2020 945 2044 ler,
966 2019 1007 2042 als
1028 2015 1113 2040 weiter
1128 2012 1211 2043 Töpfe
1233 2012 1278 2037 mit
1300 2009 1435 2043 ſorgfältig
1457 2007 1599 2043 bereitetem
1622 2005 1663 2030 Ab

904 2058 969 2082 zuge.
1008 2047 1196 2080 Verpflanzzeit
1221 2046 1300 2076 März
1330 2047 1380 2071 und
1401 2042 1492 2073 April,
1523 2047 1565 2065 für
1585 2039 1664 2065 Arten

902 2086 990 2110 welche
1011 2089 1054 2108 um
1076 2081 1138 2112 dieſe
1152 2080 1206 2109 Zeit
1228 2079 1329 2106 blühen,
1350 2078 1409 2103 nach
1425 2078 1467 2101 der
1482 2074 1598 2111 Blüthe.
1630 2073 1673 2103 Im

902 2119 1003 2146 Winter
1024 2115 1125 2148 mäßig,
1152 2115 1185 2140 im
1214 2113 1337 2140 Sommer
1363 2110 1470 2141 reichlich
1497 2115 1522 2139 zu
1545 2107 1673 2138 begießen.

903 2155 958 2181 Vor
978 2152 1063 2178 Allem
1083 2151 1222 2179 verlangen
1244 2147 1275 2179 ſie
1295 2147 1366 2174 einen
1388 2144 1474 2172 freien,
1497 2144 1584 2172 hellen,
1606 2142 1663 2168 lufti

902 2196 949 2221 gen
965 2191 1014 2214 und
1035 2186 1160 2212 trockenen
1175 2183 1308 2210 Standort
1325 2183 1357 2207 im
1374 2180 1482 2208 Winter,
1497 2179 1674 2208 insbeſondere

904 2224 942 2251 die
957 2221 1156 2251 Neuholländer,
1179 2220 1230 2244 und
1260 2223 1284 2249 ſo
1307 2217 1339 2247 oft
1363 2223 1388 2241 es
1411 2215 1449 2240 die
1470 2213 1616 2243 Witterung
1637 2220 1665 2243 ge

903 2259 998 2288 ſtattet,
1024 2255 1174 2286 Zuführung
1196 2260 1245 2279 von
1273 2251 1371 2291 friſcher
1390 2249 1455 2281 Luft.
1494 2249 1674 2284 Vermehrung

905 2293 975 2320 durch
1003 2290 1116 2321 Ausſaat
1147 2289 1171 2314 in
1203 2288 1279 2313 kleine
1310 2286 1388 2316 Töpfe
1418 2285 1462 2310 mit
1489 2289 1671 2313 angemeſſener

904 2329 984 2354 Erde;
1012 2332 1071 2351 man
1098 2323 1150 2349 hält
1178 2325 1223 2347 den
1250 2322 1354 2348 Samen
1386 2320 1419 2344 im
1446 2319 1608 2344 Warmbeete
1639 2317 1674 2341 bei

903 2363 1028 2391 Schatten
1050 2363 1100 2385 und
1117 2357 1233 2389 mäßiger
1248 2354 1421 2385 Feuchtigkeit.
1462 2351 1510 2388 Die
1525 2351 1675 2387 Pflänzchen

905 2397 956 2428 ſind
972 2397 1018 2422 mit
1039 2395 1120 2420 einem
1142 2391 1236 2417 kleinen
1253 2391 1347 2416 Ballen
1369 2388 1393 2413 in
1415 2387 1535 2416 Töpfchen
1559 2392 1583 2414 zu
1605 2387 1676 2414 ſetzen

905 2435 955 2457 und
976 2428 1101 2455 ebenfalls
1124 2433 1204 2452 warm
1233 2431 1258 2455 zu
1281 2423 1375 2449 halten.
1416 2421 1465 2447 Die
1484 2421 1677 2445 Neuholländer

906 2465 1001 2492 müſſen
1022 2461 1157 2493 frühzeitig
1174 2460 1244 2486 durch
1257 2458 1369 2488 Lüftung
1385 2455 1531 2485 abgehärtet
1555 2456 1614 2488 und
1627 2453 1650 2477 in's

906 2498 985 2527 offene
1000 2498 1141 2523 Glashaus
1163 2494 1253 2525 geſtellt
1270 2495 1378 2518 werden.
1402 2488 1575 2517 Schwieriger
1598 2487 1622 2513 iſt
1640 2487 1677 2511 die

906 2532 1085 2560 Vermehrung
1102 2531 1173 2559 durch
1191 2527 1340 2556 Stecklinge.
1401 2524 1420 2549 Die
1433 2523 1512 2548 Arten
1535 2521 1579 2557 mit
1597 2521 1666 2548 Phyl

908 2565 990 2590 lodien
1016 2564 1136 2590 gedeihen
1161 2569 1202 2588 am
1232 2561 1311 2590 beſten
1338 2559 1362 2584 in
1388 2557 1505 2588 ſandiger
1525 2555 1676 2590 Haideerde,

906 2599 1027 2626 während
1051 2597 1088 2622 die
1110 2597 1154 2621 mit
1176 2596 1326 2627 gefiederten
1342 2592 1461 2620 Blättern
1477 2590 1531 2615 eine
1543 2589 1678 2618 Miſchung

907 2640 955 2658 aus
977 2630 1061 2658 Haide⸗
1092 2634 1142 2655 und
1163 2632 1292 2655 Lauberde
1313 2629 1460 2658 verlangen.

941 2666 1113 2694 Acalypha
1137 2665 1161 2687 L.
1182 2663 1448 2693 (Euphorbiaceae).

907 2701 1027 2729 Gattung
1064 2701 1163 2723 werden
1199 2697 1232 2722 im
1266 2695 1436 2725 Warmhauſe
1468 2695 1579 2719 mehrere
1611 2691 1670 2727 halb

907 2733 1050 2764 ſtrauchige,
1096 2731 1119 2756 in
1163 2731 1387 2760 Neucaledonien,
1429 2729 1474 2755 auf
1516 2730 1560 2752 den
1602 2724 1669 2761 Fidji

907 2767 1001 2798 Inſeln
1017 2773 1040 2792 u.
1056 2765 1070 2794 ſ.
1098 2772 1107 2790 w
1131 2764 1303 2796 einheimiſche
1317 2766 1398 2791 Arten
1415 2762 1587 2790 unterhalten,
1607 2762 1671 2784 ledig

906 2804 950 2829 lich
982 2802 1049 2827 ihrer
1078 2799 1137 2827 reich
1167 2799 1212 2824 mit
1239 2799 1331 2824 bunten
1358 2799 1458 2827 Farben
1484 2795 1682 2822 ausgeſtatteten

907 2838 1065 2865 Belaubung
1092 2840 1185 2863 wegen.
1219 2834 1296 2858 Unter
1317 2833 1392 2861 ihnen
1414 2832 1465 2856 ſind
1481 2834 1521 2856 als
1539 2830 1576 2855 die
1591 2831 1673 2854 kultur

1522 2658 1580 2683 Von
1604 2654 1676 2682 dieſer

1469 433 1631 471 Acalypha
1655 450 1693 453 —

1723 431 1893 460 Acanthus.

1691 513 1842 544 würdigſten
1865 512 1982 539 folgende
2004 518 2030 535 zu
2052 511 2206 540 empfehlen:
2223 511 2255 535 A.
2272 510 2460 542 macrophylla

1692 550 1781 576 Hort.,
1815 546 1918 572 Blätter
1954 543 2024 576 groß,
2055 544 2215 574 herzförmig,
2247 544 2393 571 dunkelroth

1693 582 1726 606 A.
1742 579 1902 611 marginata
1930 578 2058 601 Wiliams'
2079 581 2137 605 Cat.,
2153 573 2257 604 Blätter
2271 579 2330 604 reich
2347 579 2451 606 behaart

1693 616 1717 640 in
1749 614 1790 640 der
1819 613 1899 639 Mitte
1925 612 2020 640 braun,
2051 618 2092 636 am
2118 611 2208 636 Rande
2237 612 2462 640 roſacarminroth,

1747 648 1779 671 A.
1801 646 1921 671 mosaica
1944 647 2026 674 Hort.,
2047 644 2150 670 Blätter
2171 648 2226 675 gelb
2248 648 2298 670 und
2320 647 2374 672 roth
2397 653 2452 671 mar

1693 681 1783 707 morirt
1857 680 1890 704 A.
1918 678 2088 702 Wilkesiana
2233 678 2257 702 in
2289 682 2333 704 den
2364 680 2462 705 Gärten

1693 718 1734 742 als
1756 715 1790 740 A.
1814 713 1928 738 tricolor
1948 713 2090 739 verbreitet.
2124 711 2226 738 Blätter
2242 712 2311 744 groß,
2333 713 2462 742 eiförmig,

1695 748 1834 778 zugeſpitzt,
1864 747 1908 783 auf
1947 747 2161 778 kupferfarbigem
2192 747 2299 772 Grunde
2328 749 2383 774 roth
2413 742 2463 773 und

1693 782 1829 811 carmoiſin
1857 784 1949 812 gefleckt
1974 785 2023 807 und
2045 781 2184 812 getuſcht.
2198 780 2216 812 —
2230 780 2304 809 Dieſe
2326 780 2465 807 Sträucher

1693 818 1824 846 erfordern
1851 816 1995 844 Haideerde
2024 816 2070 842 mit
2100 815 2220 847 faſeriger
2243 815 2385 845 Raſenerde
2413 819 2463 842 und

1693 852 1771 879 Sand
1802 854 1852 876 und
1878 851 1930 875 eine
1957 850 2131 877 feuchtwarme
2156 849 2325 879 Atmoſphäre
2344 849 2465 876 während

1696 890 1736 912 der
1751 885 2047 914 Wachsthumsperiode,
2063 886 2097 910 im
2117 885 2248 912 Sommer.
2286 885 2375 916 Gegen
2392 884 2465 911 Ende

1694 920 1837 947 Sommers
1864 922 1963 944 werden
1989 918 2019 945 ſie
2044 923 2122 944 etwas
2150 919 2254 950 luftiger
2279 921 2328 945 und
2350 919 2466 949 ſonniger

1694 956 1820 989 gehalten,
1846 953 1926 988 damit
1947 952 1988 978 ſich
2011 953 2048 978 die
2063 953 2167 979 Blätter
2183 959 2225 984 gut
2240 953 2391 982 ausfärben,
2407 947 2465 978 auch

1694 996 1736 1014 um
1767 987 1807 1023 ſie
1827 989 1992 1022 abzuhärten.
2042 986 2078 1016 In
2109 987 2185 1013 dieſer
2214 987 2294 1015 Weiſe
2325 988 2465 1015 behandelt,

1695 1022 1772 1050 laſſen
1794 1021 1824 1047 ſie
1845 1022 1885 1048 ſich
1909 1027 1949 1049 zur
1964 1020 2180 1049 Ausſchmückung
2202 1025 2243 1047 der
2263 1021 2332 1048 Tafel
2354 1024 2404 1047 und
2426 1020 2464 1049 für

2117 681 2204 704 Soem.,

1696 1158 1888 1190 zweiblätterig,
1905 1158 1950 1183 mit
1966 1156 2152 1187 zweiſpaltigen
2169 1156 2309 1181 Blättchen.
2343 1155 2457 1180 Blumen

1696 1196 1768 1219 krone
1789 1192 1923 1223 einlippig,
1944 1193 2151 1220 niedergebogen,
2175 1189 2329 1221 dreiſpaltig.
2369 1188 2458 1216 Staub

1698 1230 1778 1254 beutel
1801 1230 1915 1253 behaart.
1953 1226 2047 1255 Kapſel
2071 1225 2246 1251 zweifächerig.
2285 1225 2468 1250 Ausdauernd.

1751 1263 1782 1287 A.
1805 1262 1902 1286 mollis,
1919 1264 1955 1288 T.,
1977 1263 2161 1287 ausgezeichnet
2178 1262 2248 1285 durch
2264 1259 2348 1291 große,
2370 1259 2469 1289 elegant

1697 1297 1870 1325 geſchnittene,
1912 1295 2110 1324 fiederſpaltige,
2150 1293 2262 1325 buchtig⸗
2280 1293 2469 1325 bogenförmige

1974 2559 2086 2577 Acanthus
2104 2559 2211 2576 latifolius

2135 2653 2139 2654 s
2176 2620 2217 2644 auf
2245 2621 2314 2645 einen
2337 2621 2472 2645 Acanthus

2133 2658 2206 2678 ſollen
2231 2659 2283 2679 dem
2306 2653 2483 2678 Kallimachus

1709 2623 1820 2645 Blätter.
1868 2619 1918 2645 Der
1945 2621 2046 2644 Anblick
2077 2619 2144 2643 eines

1711 2654 1778 2679 buſch
1809 2653 1931 2679 geſtellten
1958 2655 2102 2678 Körbchens

1711 2692 1755 2714 den
1778 2688 1915 2712 Gedanken
1943 2689 2092 2712 eingegeben
2122 2690 2215 2714 haben,
2238 2692 2283 2713 das
2306 2687 2417 2715 Kapitell
2444 2689 2480 2711 der

1711 2722 1887 2747 korinthiſchen
1919 2721 1993 2748 Säule
2028 2725 2089 2746 durch
2125 2722 2186 2747 dieſe
2207 2721 2351 2747 Blattform
2380 2727 2404 2745 zu
2433 2727 2475 2746 ver

1713 2757 1801 2782 zieren.
1885 2757 1908 2780 A.
1936 2755 2074 2780 latifolius
2099 2758 2170 2780 Hort.,
2212 2755 2411 2781 wahrſcheinlich
2438 2762 2481 2780 nur

1714 2790 1790 2818 Form
1809 2794 1850 2816 des
1867 2797 1971 2815 vorigen,
1997 2790 2171 2815 unterſcheidet
2188 2790 2230 2814 ſich
2246 2796 2294 2814 von
2311 2790 2353 2814 der
2372 2789 2474 2816 Scamm

1713 2829 1751 2851 art
1779 2828 1840 2850 durch
1875 2825 1993 2849 kräftigere
2033 2825 2224 2849 Entwickelung
2250 2826 2311 2848 aller
2337 2823 2430 2849 Theile.

1696 1060 1740 1082 den
1774 1055 1945 1091 Blumentiſch
1979 1059 2136 1080 verwenden.
2183 1055 2362 1086 Vermehrung
2395 1056 2466 1080 durch

1701 1092 1840 1122 Stecklinge
1862 1095 1895 1114 im
1918 1092 2069 1118 Frühjahre.

1731 1126 1897 1149 Acanthus
1941 1125 2032 1147 Tburn.
2066 1121 2299 1149 (Acanthaceae).
2395 1123 2466 1147 Kelch
