2659 3263
965 473 1047 503 1002
1466 472 1606 512 Syrphus
1634 491 1668 495 —
1695 472 2030 512 Tabacksräucherung.

960 1200 1000 1223 96.
1026 1198 1242 1224 Polemonideae.
1375 1200 1429 1223 108.
1450 1200 1638 1226 Globulariae.

961 1261 994 1287 B.
1015 1260 1278 1292 Monochlamydeae
1292 1260 1517 1294 (Perigonblütige
1539 1262 1596 1289 oder
1612 1263 1726 1290 blumen⸗

1149 1293 1292 1326 kronenloſe
1312 1294 1539 1327 Dicotyledonen).

961 1706 994 1731 II.
1009 1706 1180 1739 Endogenae
1199 1706 1499 1739 (Innenwachſende
1520 1724 1552 1726 —
1571 1709 1725 1742 Monocoty⸗

1277 1740 1405 1771 ledonen).

1199 1787 1233 1812 A.
1255 1786 1491 1820 Phanerogomae.

2006 556 2039 580 B.
2058 555 2274 588 Cryptogamae.

2168 597 2226 622 154.
2245 597 2479 629 Lycopodiaceae.

1759 597 1816 622 151.
1835 596 1964 629 Najades.

2169 630 2226 655 155.
2246 630 2355 656 Filices.

1759 631 1815 655 152.
1835 629 2044 662 Equisetaceae.

1760 664 1815 688 153.
1835 663 2041 689 Marsileaceae.

1844 730 1898 756 III.
1917 730 2035 755 Plantae
2055 730 2260 763 Cryptogamae
2281 731 2434 756 cellulares.

2050 776 2085 801 A.
2106 776 2240 801 Foliosae.

2172 818 2229 843 157.
2250 817 2415 849 Hepaticae.

2043 863 2074 889 B.
2094 863 2242 896 Aphyllae.

2171 907 2227 932 160.
2250 906 2405 939 Funginae.

2169 940 2226 966 161.
2245 940 2346 973 Algae.

1791 998 1832 1025 De
1860 998 1985 1025 Candolle
2013 999 2085 1031 ſelbſt
2112 999 2156 1031 ſah
2182 999 2263 1032 dieſes
2283 1000 2392 1033 Syſtem
2421 1000 2463 1026 als
2483 995 2521 1034 ein

1743 1031 1901 1062 künſtliches
1922 1039 1955 1059 an
1975 1033 2002 1059 in
2015 1033 2095 1065 ſeiner
2110 1033 2308 1067 Gruppierung,
2331 1034 2387 1060 weil
2403 1033 2467 1065 dieſe
2486 1031 2522 1069 die

1743 1065 1858 1101 Geſtalt
1877 1067 1946 1093 einer
1960 1066 2042 1098 Reihe
2062 1066 2134 1097 habe.
2174 1067 2213 1094 Er
2233 1067 2276 1099 ſah
2293 1068 2385 1094 bereits
2406 1068 2458 1094 klar
2477 1068 2522 1091 ein,

1758 1099 1807 1131 daß
1820 1100 1859 1126 die
1873 1100 2000 1133 Pflanzen
2014 1100 2079 1130 nicht
2089 1101 2261 1133 reihenweiſe,
2276 1102 2384 1134 ſondern
2399 1102 2522 1135 gruppen⸗

1757 1133 1837 1165 weiſe,
1871 1129 1903 1166 in
1904 1134 1984 1166 Form
2004 1135 2074 1160 eines
2089 1134 2300 1162 Stammbaums
2315 1135 2369 1166 ihre
2383 1129 2522 1162 verwandt⸗

1743 1161 1913 1236 eeichen
1942 1167 2115 1200 Verhältniſſe
2150 1175 2193 1202 zur
2221 1168 2390 1201 Anſchauung
2419 1168 2522 1198 bringen

1759 1207 1872 1226 müßten.

1791 1233 1923 1264 Trotzdem
1942 1234 1994 1264 ſind
2013 1236 2061 1261 alle
2081 1234 2216 1267 folgenden
2237 1235 2359 1268 Syſteme
2378 1241 2428 1262 von
2447 1228 2522 1261 Bart⸗

1757 1267 1820 1299 ling,
1841 1268 1919 1294 Nees,
1940 1268 2085 1299 Endlicher,
2106 1269 2283 1301 Reichenbach,
2304 1269 2410 1301 Lindley
2425 1275 2449 1295 u.
2463 1266 2479 1299 ſ.
2493 1269 2521 1290 w.

1758 1300 1899 1333 demſelben
1928 1300 2033 1333 falſchen
2059 1302 2168 1334 Princip
2198 1303 2241 1329 der
2270 1301 2522 1336 Reihenaufſtellung

1757 1335 1862 1369 gefolgt.
1901 1335 1952 1361 Die
1973 1335 2120 1367 künſtlichen
2141 1336 2328 1369 Einteilungen
2351 1337 2455 1364 wurden
2474 1335 2522 1371 von

1757 1370 1877 1401 manchen
1902 1369 2061 1396 Botanikern
2081 1371 2123 1396 als
2144 1370 2216 1403 falſch
2237 1371 2352 1403 erkannt,
2372 1366 2511 1402 namentlick

1742 1408 1807 1429 von
1843 1403 1991 1434 Endlicher,
2024 1404 2161 1435 Schleiden
2189 1405 2341 1438 (Handbuch
2372 1406 2415 1432 der
2447 1399 2521 1429 medi⸗

1742 1435 1842 1469 ziniſch
1856 1437 2103 1471 pharmaceutiſchen
2118 1438 2252 1472 Botanik),
2272 1439 2302 1466 Le
2316 1439 2414 1466 Maout
2428 1434 2519 1469 (Atlas

1757 1471 1935 1496 élémentaire
1966 1472 1999 1497 de
2031 1472 2195 1504 Botanigue.
2245 1473 2324 1498 Paris
2357 1473 2434 1504 1846)
2471 1465 2520 1495 und

1756 1505 1857 1532 Hallier
1871 1505 1979 1535 (Schule
2000 1505 2043 1531 der
2056 1506 2252 1538 ſyſtematiſchen
2271 1506 2393 1537 Botanik,
2408 1501 2521 1533 Breslau

1760 1535 1845 1574 1878).
2468 1569 2473 1575 .

1791 1571 1850 1597 Das
1871 1571 1992 1604 richtigſte
2006 1571 2100 1604 ſreilich
2121 1572 2190 1599 wäre
2211 1573 2249 1599 die
2269 1573 2433 1606 Aufſtellung
2453 1565 2519 1597 eines

1756 1604 1967 1632 Stammbaums
1992 1606 2036 1632 des
2056 1606 2271 1640 Pflanzenreichs,
2296 1607 2358 1634 aber
2377 1607 2440 1641 dazu
2460 1603 2499 1636 feh

1741 1639 1814 1664 noch
1845 1638 1892 1671 faſt
1921 1640 1985 1666 alles
2005 1640 2143 1667 Material.
2179 1640 2231 1668 Die
2255 1642 2370 1675 wenigen
2394 1634 2518 1672 Verſuche,

1756 1673 1844 1704 welche
1873 1673 1914 1699 bis
1943 1674 1996 1707 jetzt
2025 1681 2069 1706 zur
2097 1674 2260 1708 Aufſtellung
2289 1676 2359 1702 eines
2388 1673 2519 1708 Pflanzen⸗

1741 1706 1966 1734 Stammbaums
1991 1708 2102 1740 gemacht
2122 1710 2224 1735 worden
2244 1709 2310 1742 ſind,
2331 1709 2427 1736 können
2446 1703 2519 1736 daher

1756 1747 1804 1766 nur
1824 1740 1902 1774 völlig
1923 1741 2045 1774 verfehlte
2064 1741 2123 1774 ſein.

1791 1774 1851 1801 Das
1872 1776 2087 1808 phylogenetiſche
2101 1776 2208 1808 Syſtem
2229 1776 2317 1808 müßte
2335 1774 2458 1805 natürlich
2477 1765 2518 1808 auf

1756 1809 1810 1833 eine
1839 1808 2006 1842 vollſtändige
2027 1810 2164 1841 Geſchichte
2194 1810 2236 1836 der
2260 1809 2450 1843 Pflanzenwelt
2478 1804 2494 1843 ſi

1755 1841 1880 1872 gründen.
1918 1842 2008 1874 Dafür
2036 1842 2100 1875 fehlt
2128 1843 2190 1869 aber
2218 1843 2266 1876 faſt
2295 1845 2359 1870 alles
2385 1833 2517 1870 Material,

1740 1878 1820 1903 denn
1862 1875 1942 1907 außer
1983 1877 2025 1902 der
2067 1876 2342 1910 Steinkohlenperiode
2387 1876 2438 1903 und
2507 1901 2510 1904 .

1755 1908 1908 1938 Tertiärzeit
1928 1908 2024 1935 können
2045 1910 2083 1936 die
2103 1910 2249 1940 erhaltenen
2264 1909 2453 1943 Pflanzenreſte
2470 1900 2516 1931 uns

1755 1942 1813 1968 auch
1843 1942 1906 1970 nicht
1926 1942 2077 1973 annähernd
2107 1943 2147 1969 ein
2168 1944 2232 1970 Bild
2261 1949 2311 1970 von
2332 1944 2375 1971 der
2398 1938 2517 1972 Erdflora

1756 1974 1798 2001 der
1817 1974 2002 2007 verſchiedenen
2022 1976 2140 2008 Epochen
2160 1977 2247 2009 geben.

1739 2007 1842 2042 Für
1863 2010 1901 2036 die
1921 2010 2059 2042 Geſchichte
2085 2010 2114 2043 iſt
2135 2011 2176 2037 bis
2200 2011 2253 2044 jetzt
2273 2011 2321 2038 das
2341 2005 2515 2045 Fehlſchlagen

1738 2049 1803 2078 von
1840 2043 1981 2076 Organen,
2012 2044 2114 2071 welches
2147 2045 2193 2071 den
2224 2043 2354 2078 Zoologen
2387 2045 2411 2078 ſo
2442 2044 2485 2077 gro

1738 2076 1858 2106 Dienſte
1888 2078 1997 2110 geleiſtet
2026 2079 2078 2109 hat,
2108 2080 2165 2108 noch
2200 2079 2248 2112 faſt
2272 2087 2319 2113 gar
2346 2079 2409 2112 nicht
2429 2077 2514 2116 berück⸗

1753 2110 1847 2142 ſichtigt
1890 2113 2004 2142 worden,
2048 2113 2200 2144 namentlich
2244 2114 2283 2140 bei
2326 2114 2372 2140 den
2409 2106 2513 2144 höheren

1753 2143 1886 2176 Pflanzen.

1737 2178 1955 2208 Syrphus,
1976 2179 1992 2210 ſ.
2013 2179 2255 2213 Schwebfliege.

1761 817 1815 841 156.
1835 816 1932 842 Musci.

1743 906 1814 938 158.
1837 905 1978 931 Lichenes.

1758 939 1813 964 159.
1836 939 2018 971 Hypoxylons

1706 2506 1767 2553 T.

985 2600 1085 2628 Taback
1105 2602 1121 2634 ſ.
1143 2602 1299 2628 Nicotiana.

984 2630 1282 2672 Tabacksräucherung.
1355 2637 1427 2664 Sind
1449 2638 1487 2663 die
1513 2638 1720 2669 Spalierbäume

949 2667 976 2692 in
996 2668 1203 2695 bedeutenderem
1224 2670 1307 2701 Maße
1336 2676 1386 2696 von
1406 2671 1573 2698 Blattläuſen
1604 2672 1719 2701 befallen,

948 2699 973 2730 ſo
994 2702 1092 2727 wendet
1113 2709 1173 2728 man
1194 2703 1248 2728 eine
1263 2703 1433 2735 Räucherung
1454 2705 1500 2730 mit
1513 2704 1610 2732 Taback
1627 2705 1721 2736 ſchlech⸗

949 2733 1020 2770 teſter
1041 2735 1123 2762 Sorte
1152 2742 1193 2761 an.
1231 2737 1358 2767 Nachdem
1389 2745 1450 2763 man
1481 2739 1518 2764 die
1540 2746 1617 2771 ganze
1637 2739 1720 2766 Ober⸗

949 2764 1024 2795 fläche
1054 2770 1096 2794 des
1127 2770 1246 2796 Baumes
1277 2771 1325 2796 mit
1352 2771 1432 2799 Hülfe
1463 2772 1530 2798 einer
1555 2772 1721 2804 Handſpritze

949 2800 1119 2835 angefeuchtet
1148 2803 1202 2833 hat,
1233 2803 1360 2836 verhängt
1389 2811 1450 2830 man
1483 2806 1526 2833 ihn
1560 2806 1606 2832 mit
1638 2807 1719 2831 einem

949 2831 1062 2861 feuchten
1093 2835 1234 2865 Plantuche
1262 2838 1314 2863 und
1343 2837 1429 2867 erfüllt
1460 2845 1512 2864 nun
1546 2842 1591 2865 den
1623 2846 1719 2872 ganzen

1749 2606 1836 2632 Raum
1853 2606 1971 2636 dahinter
1991 2609 2038 2635 mit
2051 2609 2248 2641 Tabacksrauch.
2279 2610 2375 2641 Hierzu
2389 2600 2456 2638 dient
2474 2594 2513 2621 der

1749 2639 2029 2674 Räucher⸗Blaſebalg.
2069 2642 2191 2674 Derſelbe
2211 2640 2304 2674 beſteht
2328 2645 2347 2668 1.
2367 2642 2416 2667 aus
2436 2629 2512 2683 einen.

1750 2672 1847 2697 kleinen
1868 2673 2005 2708 Blechofen
2021 2676 2046 2700 A
2066 2676 2114 2701 mit
2135 2677 2196 2708 zwei
2215 2676 2318 2705 Böden,
2338 2677 2412 2701 deren
2432 2674 2444 2706 9
2464 2666 2512 2719 —

1751 2705 1772 2729 B
1794 2705 1959 2738 durchlöchert
1979 2708 2007 2740 iſt
2027 2710 2079 2735 und
2099 2707 2227 2742 glühende
2246 2709 2347 2741 Kohlen
2368 2697 2511 2758 aufnimvas

1749 2739 1789 2769 In
1819 2739 1865 2764 den
1894 2741 1999 2767 unteren
2029 2742 2088 2769 Teil
2113 2744 2157 2769 des
2178 2743 2295 2775 Gefäßes
2327 2742 2355 2773 iſt
2383 2745 2409 2776 in
2442 2746 2449 2757 C
2468 2752 2512 2787 Art

1749 2772 1823 2801 Rohr
1844 2773 1913 2799 eines
1928 2774 2100 2807 Blaſebalges
2122 2777 2287 2808 eingelöthet;
2306 2777 2329 2800 2.
2349 2775 2375 2800 in
2389 2771 2456 2798 einer
2477 2792 2511 2818 ne

1749 2806 1847 2832 Kamin
1869 2806 1902 2835 D,
1924 2809 2064 2839 gleichfalls
2086 2811 2134 2836 mit
2153 2811 2214 2839 zwei
2235 2810 2341 2839 Böden;
2371 2807 2412 2832 der
2431 2803 2510 2853 —7

1750 2839 1875 2870 derſelben
1907 2841 1918 2865 E
1949 2842 1978 2873 iſt
2007 2844 2100 2869 wieder
2129 2844 2317 2874 durchbrochen.
2355 2840 2405 2867 Am
2427 2832 2469 2860 obe

962 553 1002 578 73.
1027 553 1197 578 Lorantheae
1373 554 1415 579 79.
1436 554 1619 585 Compositae.

963 588 1003 612 74.
1022 587 1190 612 Rubiaceae.
1372 589 1413 612 80.
1434 588 1682 618 Campanulaceae.

962 621 1004 645 75.
1026 620 1232 652 Operculariae.
1372 621 1413 645 81.
1434 620 1625 647 Lobeliaceae.

962 655 1003 679 76.
1022 653 1215 679 Valerianeae.
1372 655 1413 678 82.
1434 654 1608 680 Gesnerieae.

962 689 1002 713 77.
1022 687 1185 719 Dipsaceae.
1371 687 1411 711 83.
1432 687 1603 714 Vaccinieae.

960 722 1002 746 78.
1023 721 1198 753 Calycereae.
1371 721 1412 746 84.
1431 720 1586 747 Ericineae.

1196 787 1222 812 3.
1241 786 1486 812 Corolliflorae.

960 828 1002 853 85.
1022 827 1186 859 Myrsineae.
1387 829 1428 854 97.
1449 829 1696 855 Convolvulaceae.

961 863 1001 887 86.
1022 861 1168 893 Sapoteae.
1387 862 1429 888 98.
1449 862 1648 895 Borragineae.

960 897 1002 921 87.
1022 895 1253 921 Ternstromieae.
1388 897 1430 922 99.
1450 896 1595 922 Solaneae.

960 930 1001 954 88.
1026 929 1194 954 Ebenaceae.
1374 930 1430 955 100.
1449 930 1656 956 Antirrhineae.

959 964 1000 988 89.
1024 963 1168 988 Oleaceae.
1372 964 1429 988 101.
1450 963 1687 990 Rhinanthaceae.

960 998 1002 1022 90.
1021 997 1192 1022 Jasmineae.
1373 997 1430 1023 102.
1450 998 1596 1024 Labiatae.

961 1032 1001 1056 91.
1023 1031 1202 1063 Strychneae.
1373 1031 1430 1056 103.
1451 1031 1654 1064 Myoporineae.

960 1066 1002 1090 92.
1021 1065 1198 1097 Apocyneae.
1373 1065 1431 1090 104.
1450 1065 1634 1098 Pyrenaceae.

960 1099 1001 1124 93.
1022 1098 1203 1123 Gentianeae.
1377 1099 1430 1124 105.
1450 1100 1656 1126 Acanthaceae.

960 1133 1001 1157 94.
1026 1131 1235 1163 Bignoniaceae.
1372 1133 1429 1157 106.
1448 1133 1666 1159 Lentibulariae.

959 1166 999 1190 95.
1022 1166 1177 1190 Sesameae.
1372 1166 1428 1190 107.
1449 1166 1648 1192 Primulaceae.

960 1337 1016 1361 109.
1038 1336 1268 1374 Plumbagineae.
1371 1338 1428 1363 119.
1449 1337 1624 1370 Thymeleae.

963 1371 1020 1394 110.
1045 1370 1252 1406 Plantagineae.
1371 1371 1428 1397 120.
1449 1372 1640 1398 Santalaceae.

964 1403 1016 1427 111.
1037 1403 1239 1435 Nyctagineae.
1373 1405 1429 1430 121.
1449 1405 1636 1438 Elaeagneae.

964 1437 1017 1461 112.
1038 1436 1288 1462 Amaranthaceae.
1374 1440 1429 1463 122.
1450 1439 1681 1466 Aristolochieae.

964 1471 1020 1495 113.
1040 1470 1248 1502 Chenopodeae.
1374 1473 1430 1497 123.
1450 1473 1685 1504 Euphorbiaceae.

963 1505 1016 1529 114.
1036 1503 1237 1535 Begoniaceae.
1373 1505 1429 1529 124.
1450 1506 1623 1532 Monimieae.

958 1537 1016 1562 115.
1036 1537 1221 1569 Polygoneae.
1372 1538 1429 1562 125.
1452 1538 1590 1565 Urticeae.

962 1571 1016 1595 116.
1037 1570 1204 1595 Laurineae.
1376 1572 1429 1596 126.
1450 1571 1615 1604 Piperiteae.

962 1605 1017 1629 117.
1040 1603 1221 1636 Myristiceae.
1372 1604 1428 1629 127.
1448 1605 1646 1633 Amentaceae.

959 1638 1014 1663 118.
1039 1638 1212 1664 Proteaceae.
1375 1640 1427 1664 128.
1449 1640 1605 1668 Coniferae.

956 1837 1012 1861 129.
1034 1836 1184 1868 Cycadeae.
1371 1838 1428 1863 140.
1448 1838 1610 1864 Smilaceae.

959 1871 1014 1895 130.
1036 1870 1291 1902 Hydrocharideae.
1372 1872 1427 1896 141.
1451 1872 1597 1897 Liliaceae.

960 1904 1014 1927 131.
1035 1903 1220 1929 Alismaceae.
1372 1906 1425 1929 142.
1447 1905 1652 1931 Colchicaceae.

959 1936 1016 1960 132.
1036 1936 1197 1961 Orchideae.
1369 1938 1425 1962 143.
1445 1938 1579 1964 Junceae.

959 1970 1012 1993 133.
1033 1969 1261 2001 Drymyrhizeae.
1369 1971 1425 1996 144.
1446 1972 1659 1999 Commelineae.

959 2001 1013 2026 134.
1034 2002 1190 2029 Musaceae.
1368 2006 1423 2030 145.
1445 2005 1566 2031 Palmae.

959 2035 1012 2061 135.
1032 2035 1148 2062 Irideae.
1368 2040 1424 2064 146.
1446 2039 1620 2066 Pandaneae.

956 2070 1013 2094 136.
1039 2069 1288 2098 Haemodoraceae.
1366 2073 1423 2098 147.
1444 2073 1617 2105 Typhaceae.

958 2104 1011 2128 137.
1035 2103 1250 2136 Amaryllideae.
1370 2107 1423 2131 148.
1444 2107 1590 2133 Aroideae.

954 2137 1011 2161 138.
1032 2136 1298 2165 Hemerocallideae.
1366 2141 1420 2164 149.
1443 2141 1627 2172 Cyperaceae.

958 2171 1010 2195 139.
1036 2170 1208 2196 Dioscoreae.
1366 2174 1423 2199 150.
1444 2174 1617 2200 Gramineae.
