2658 3262
961 393 1017 421 110
1625 388 1852 420 Blumentöpfe.

959 480 1020 504 zen:
1052 475 1070 497 1.
1099 472 1189 499 Sorte:
1225 474 1250 497 16
1271 481 1301 497 em
1329 474 1398 502 hoch,
1428 474 1453 497 24
1475 481 1506 497 cm
1535 476 1614 500 obere,
1642 474 1669 496 21
1687 480 1725 496 cm

957 510 1042 532 untere
1071 506 1152 532 Weite
1181 520 1213 524 —
1240 509 1263 531 2.
1293 506 1386 533 Sorte:
1422 509 1448 531 18
1464 508 1466 540 b
1485 515 1516 531 em
1549 509 1613 534 hoch,
1643 507 1672 530 34
1691 514 1725 529 cm

958 543 1030 566 obere
1055 544 1105 566 und
1136 542 1163 564 30
1184 549 1212 565 em
1240 541 1326 567 untere
1347 542 1436 568 Weite.
1478 541 1522 571 Im
1545 542 1667 568 Uebrigen
1691 543 1717 565 be

959 575 1060 604 zeichnet
1092 581 1149 600 man
1177 575 1214 601 die
1244 575 1390 605 Topfſorten
1417 575 1570 607 gewöhnlich
1597 576 1654 602 nach
1682 577 1726 600 den

957 609 1140 640 vorzugsweiſe
1170 610 1194 635 in
1225 610 1299 639 ihnen
1328 610 1474 636 kultivirten
1502 609 1651 636 Gewächſen
1675 611 1726 634 und

958 642 1143 673 unterſcheidet:

1578 693 1648 713 Obere
1659 693 1726 712 Weite

964 1099 1054 1131 Töpfe,
1080 1102 1167 1127 welche
1195 1100 1255 1125 über
1272 1079 1308 1123 40
1322 1078 1363 1123 61
1386 1098 1443 1126 hoch
1466 1085 1651 1125 hinausgehen,
1678 1095 1728 1121 ſind

959 1134 1019 1159 nicht
1041 1135 1112 1161 mehr
1131 1132 1310 1162 vortheilhaft,
1336 1131 1393 1156 weil
1415 1129 1445 1160 ſie
1467 1132 1520 1155 dem
1542 1129 1640 1154 Bruche
1662 1130 1729 1154 leicht

958 1167 1092 1209 ausgeſetzt
1115 1166 1180 1198 ſind;
1201 1173 1232 1192 an
1254 1169 1326 1191 deren
1348 1164 1432 1191 Stelle
1453 1163 1529 1188 treten
1552 1165 1618 1188 dann
1639 1162 1729 1188 Kübel.

958 1200 1009 1227 Die
1030 1201 1107 1229 Wahl
1130 1203 1172 1226 der
1192 1198 1342 1230 Topfgröße
1364 1197 1446 1223 richtet
1467 1196 1518 1228 ſich,
1545 1197 1591 1222 wie
1616 1198 1730 1225 bemerkt,

959 1236 1016 1261 nach
1050 1237 1091 1260 der
1123 1234 1243 1266 ſtärkeren
1276 1235 1335 1258 oder
1366 1231 1513 1262 geringeren
1545 1231 1731 1262 Bewurzelung

959 1273 1009 1295 und
1025 1270 1083 1294 nach
1100 1271 1153 1294 dem
1170 1267 1281 1299 Umfang
1297 1268 1340 1292 des
1355 1266 1465 1291 Ballens
1491 1268 1532 1291 der
1553 1272 1579 1294 zu
1603 1265 1730 1295 verſetzen⸗

961 1306 1006 1328 den
1027 1302 1134 1333 Pflanze
1156 1304 1176 1327 d.
1199 1303 1221 1329 h.
1243 1302 1284 1326 der
1304 1305 1353 1324 von
1377 1301 1422 1324 den
1437 1299 1557 1330 Wurzeln
1580 1299 1730 1328 zuſammen⸗

959 1338 1109 1367 gehaltenen
1140 1335 1288 1364 Erdmenge
1326 1333 1395 1358 eines
1424 1328 1530 1374 Topfes.
1570 1334 1618 1359 Bei
1652 1336 1723 1360 mehr

961 1370 1069 1400 maliger
1084 1367 1277 1399 Verpflanzung
1300 1366 1390 1397 behufs
1412 1367 1479 1392 einer
1501 1367 1591 1392 immer
1612 1368 1731 1393 reicheren
1746 1361 1766 1368 †

959 1402 1148 1432 Entwickelung
1175 1403 1217 1426 des
1238 1399 1496 1430 Wurzelvermögens
1523 1400 1616 1431 muß
1608 1403 1650 1425 der
1671 1407 1732 1425 neue

964 1435 1036 1466 Topf,
1054 1441 1127 1460 wenn
1144 1435 1182 1460 die
1204 1434 1322 1464 Wurzeln
1335 1433 1427 1465 geſund
1447 1433 1499 1464 ſind
1518 1436 1567 1458 und
1586 1436 1626 1458 der
1639 1435 1731 1459 Ballen

960 1469 1025 1494 nicht
1044 1468 1190 1493 verkleinert
1214 1474 1238 1495 zu
1260 1469 1359 1492 werden
1382 1466 1489 1494 braucht,
1505 1473 1546 1491 um
1564 1467 1601 1491 die
1617 1469 1732 1497 doppelte

960 1501 1123 1531 Wandſtärke
1162 1501 1247 1526 weiter
1285 1499 1344 1531 ſein.
1381 1499 1436 1528 Für
1475 1499 1512 1524 die
1543 1502 1638 1525 Kultur
1682 1508 1731 1525 von

959 1535 1084 1568 Pflanzen
1116 1535 1140 1560 in
1162 1532 1357 1560 Wohnräumen
1384 1530 1435 1563 ſind
1460 1533 1498 1558 die
1518 1533 1662 1559 Nummern
1683 1540 1732 1559 von

964 1572 1062 1594 15—16
1086 1578 1113 1594 em
1155 1570 1240 1594 oberer
1279 1567 1360 1594 Weite
1399 1566 1436 1592 die
1474 1567 1647 1598 geeignetſten.
1697 1567 1732 1598 In

960 1605 1083 1644 England
1107 1603 1241 1635 bezeichnet
1263 1608 1322 1627 man
1346 1601 1384 1626 die
1399 1600 1671 1632 Größenverhältniſſe
1693 1591 1734 1626 der

964 1639 1043 1671 Töpfe
1070 1638 1140 1669 durch
1165 1638 1322 1664 Nummern,
1353 1635 1440 1660 welche
1469 1635 1667 1665 wahrſcheinlich
1694 1639 1734 1661 der

963 1674 1023 1700 Zahl
1054 1675 1096 1698 der
1129 1671 1208 1703 Töpfe
1240 1670 1406 1702 entſprechen,
1441 1668 1478 1694 die
1511 1676 1558 1694 aus
1592 1671 1659 1695 einer
1692 1677 1723 1695 an

960 1713 1144 1736 genommenen
1171 1706 1269 1736 Menge
1302 1704 1389 1731 Thons
1421 1703 1520 1727 bereitet
1547 1706 1653 1728 werden.
1695 1703 1733 1729 Es

961 1742 1041 1767 haben

1588 1786 1657 1807 Obere
1669 1789 1734 1807 Weite

998 2401 1031 2432 In
1065 2401 1211 2430 Frankreich
1247 2400 1298 2430 ſind
1337 2400 1369 2425 im
1400 2400 1576 2430 Allgemeinen
1612 2401 1734 2427 dieſelben

966 2437 1144 2466 Dimenſionen
1166 2436 1349 2467 gebräuchlich,
1383 2441 1429 2459 nur
1459 2437 1557 2459 werden
1590 2438 1627 2460 die
1661 2435 1724 2462 Topf

959 2469 1039 2499 ſorten
1065 2471 1219 2502 gewöhnlich
1247 2471 1317 2495 durch
1339 2471 1448 2500 Angabe
1476 2473 1512 2493 der
1543 2470 1632 2493 oberen
1655 2470 1735 2494 Weite

961 2504 1100 2537 bezeichnet.
1145 2505 1191 2531 Die
1217 2504 1332 2534 kleinſten
1363 2502 1454 2533 Töpfe,
1481 2504 1567 2528 welche
1590 2506 1650 2528 oben
1673 2506 1733 2529 nicht

961 2536 1020 2561 über
1053 2538 1065 2561 7—8
1103 2543 1171 2564 em
1203 2540 1260 2565 weit
1291 2539 1356 2570 ſind,
1387 2538 1477 2566 führen
1510 2541 1552 2563 den
1586 2540 1733 2565 beſonderen

959 2569 1060 2604 Namen
1083 2572 1192 2599 godets;
1214 2574 1252 2598 die
1274 2573 1373 2599 Wände
1396 2572 1520 2598 derſelben
1543 2575 1594 2598 ſind
1617 2579 1650 2595 im
1674 2573 1725 2596 Ver

962 2598 1061 2663 Paltnit
1091 2611 1117 2630 zu
1139 2606 1213 2634 dieſer
1234 2607 1354 2642 geringen
1377 2605 1465 2631 Größe
1486 2605 1540 2633 ſehr
1560 2608 1661 2630 ſchwach
1684 2609 1733 2629 und

961 2634 1060 2660 folglich
1082 2636 1192 2666 fähiger,
1218 2642 1258 2664 als
1284 2639 1401 2668 größere,
1428 2639 1525 2667 Waſſer
1546 2639 1733 2665 aufzunehmen

962 2669 1011 2690 und
1039 2669 1192 2696 durchgehen
1216 2678 1241 2701 zu
1269 2674 1352 2701 laſſen.
1391 2674 1459 2698 Man
1484 2674 1579 2698 bedient
1604 2674 1637 2699 ſich
1669 2675 1734 2696 ihrer

961 2705 1028 2728 gern,
1053 2707 1094 2724 um
1117 2709 1220 2732 größere
1235 2705 1338 2730 Samen
1361 2708 1456 2734 einzeln
1479 2714 1504 2735 zu
1527 2713 1590 2734 ſäen,
1615 2711 1668 2731 oder
1695 2713 1731 2730 zur

961 2732 1110 2760 Aufnahme
1140 2736 1229 2761 kleiner
1264 2739 1414 2770 Stecklinge,
1449 2749 1489 2765 um
1526 2741 1550 2765 ſie
1590 2746 1633 2765 mit
1668 2748 1731 2765 einer

961 2766 1050 2790 Glocke
1077 2773 1101 2794 zu
1125 2770 1247 2798 bedecken,
1274 2776 1326 2797 oder
1356 2777 1413 2799 auch
1440 2778 1515 2800 wohl,
1543 2783 1582 2799 um
1607 2777 1732 2805 Pflanzen

1757 472 1781 497 in
1803 472 1869 497 ihrer
1892 472 2006 499 zarteſten
2031 472 2132 504 Jugend
2155 473 2195 499 für
2216 475 2296 505 einige
2314 474 2381 502 Tage
2403 475 2475 501 darin
2499 482 2524 504 zu

1756 507 1916 532 unterhalten
1939 510 1988 531 und
2012 510 2077 532 dann
2100 508 2123 533 in
2140 507 2243 539 größere
2265 509 2340 539 Töpfe
2357 515 2382 537 zu
2399 508 2479 539 ſetzen.
2514 522 2525 525 —

1757 540 1844 572 Außer
1873 543 1918 565 den
1947 542 2131 576 gewöhnlichen
2159 543 2362 574 Blumentöpfen
2394 546 2435 570 hat
2465 550 2523 569 man

1757 575 1814 599 auch
1840 575 2019 610 Doppeltöpfe,
2042 575 2079 601 die
2101 582 2142 604 zur
2162 577 2322 608 Aufſtellung
2343 577 2386 608 auf
2408 578 2525 603 Balkons

1756 612 1814 639 gute
1839 608 1937 634 Dienſte
1963 609 2054 633 leiſten.
2087 610 2127 635 An
2150 610 2240 641 ſolchen
2263 612 2339 638 freien
2365 611 2525 639 Standorten

1756 646 1853 668 werden
1878 642 1915 667 die
1936 641 2107 673 Wandungen
2130 648 2170 670 der
2194 645 2272 676 Töpfe
2293 646 2346 676 ſehr
2368 647 2432 672 leicht
2456 648 2526 672 durch

1757 676 1793 701 die
1823 676 1912 702 Sonne
1942 676 2023 704 erhitzt
2055 680 2104 702 und
2135 682 2176 704 der
2199 680 2291 705 Ballen
2320 687 2373 710 zum
2396 680 2526 706 Nachtheil

1757 714 1799 734 des
1815 710 2003 736 Wurzellebens
2020 711 2180 740 ausgedörrt.
2214 712 2266 742 Zur
2281 714 2434 745 Verhütung
2450 714 2526 742 dieſes

1757 743 1935 768 Uebelſtandes
1957 743 2017 768 ſtellt
2032 750 2092 768 man
2108 747 2152 770 den
2168 746 2338 776 eigentlichen,
2364 749 2407 773 den
2423 749 2518 774 Kultur

1756 777 1818 806 topf,
1848 777 1872 801 in
1895 777 1933 801 ein
1954 777 2087 807 größeres,
2113 778 2149 807 oft
2169 780 2306 810 verziertes
2329 781 2415 807 Gefäß
2441 781 2528 810 ſolcher

1757 811 1803 835 Art
1830 813 1879 834 und
1907 809 1964 835 füllt
1992 813 2036 835 den
2060 810 2257 839 Zwiſchenraum
2284 814 2356 839 locker
2378 815 2423 840 mit
2445 816 2526 842 Moos

1757 850 1814 868 aus.
1851 843 1908 868 Gar
1936 846 2009 870 lange
2036 843 2125 869 dürfen
2151 845 2258 875 indeſſen
2290 847 2328 873 die
2351 848 2476 879 Pflanzen
2503 849 2526 873 in

1757 877 1848 904 ſolchen
1869 876 2057 906 Doppeltöpfen
2079 878 2141 904 nicht
2163 881 2323 907 unterhalten
2341 887 2448 909 werden,
2470 882 2526 907 weil

1759 911 1796 936 die
1818 911 1906 970 —2%
1912 914 1934 936 in
1959 919 2007 937 aus
2023 911 2133 949 Mangel
2155 920 2187 939 an
2208 915 2368 946 wechſelnder
2382 916 2438 948 Luft
2461 916 2527 942 leicht

1758 947 1879 971 erkranker
1945 947 2002 972 Aus
2036 940 2175 977 demſelben
2205 949 2312 976 Grunde
2345 951 2371 981 iſt
2402 952 2460 977 auch
2491 950 2528 976 die

1760 979 1846 1004 direkte
1871 953 2044 1024 Anwendung
2071 980 2186 1011 glaſirter
2212 986 2269 1009 oder
2295 985 2403 1011 lackirter
2428 984 2528 1011 Gefäße

1758 1016 1808 1049 und
1840 1017 1877 1039 der
1907 1013 2112 1046 Porzellantöpfe
2140 1022 2165 1043 zu
2192 1018 2344 1049 vermeiden,
2375 1020 2461 1045 welche
2492 1019 2529 1044 die

1759 1047 1827 1073 Erde
1857 1049 1917 1084 nicht
1942 1049 2033 1074 trocken
2066 1053 2162 1075 werden
2191 1051 2265 1081 laſſen
2291 1057 2340 1078 und
2367 1057 2411 1079 den
2440 1053 2529 1082 Zutritt

1760 1084 1801 1116 der
1821 1085 1875 1107 Luft
1903 1090 1928 1108 zu
1954 1087 1998 1107 den
2022 1083 2140 1111 Wurzeln
2160 1090 2209 1109 von
2231 1088 2272 1111 der
2292 1086 2368 1112 Seite
2390 1085 2528 1115 hermetiſch

1759 1116 1902 1153 abſperren.
1944 1116 2093 1152 Fehlerhaft
2118 1116 2169 1147 ſind
2196 1119 2254 1144 auch
2281 1120 2318 1145 die
2344 1121 2529 1150 gewöhnlichen

1764 1152 1913 1178 Thontöpfe,
1940 1157 2011 1175 wenn
2035 1150 2066 1179 ſie
2087 1151 2158 1176 einen
2183 1159 2209 1180 zu
2230 1152 2291 1182 ſtark
2311 1156 2368 1179 nach
2390 1155 2472 1180 außen
2493 1160 2520 1184 ge

1762 1185 1872 1213 bogenen
1899 1184 1976 1232 Rand
2002 1188 2060 1209 oder
2080 1184 2173 1212 Henkel
2200 1187 2279 1213 haben
2307 1191 2357 1214 und
2375 1189 2481 1214 dadurch
2504 1193 2529 1214 zu

1760 1217 1841 1242 vielen
1862 1217 1949 1243 Raum
1974 1218 2162 1248 beanſpruchen,
2185 1224 2235 1247 und
2257 1229 2328 1247 wenn
2352 1222 2381 1252 ſie
2404 1229 2430 1250 zu
2451 1227 2528 1253 porös

1761 1254 1810 1276 und
1843 1258 1868 1276 zu
1893 1251 1993 1290 ſchwach
2021 1255 2144 1281 gebrannt
2171 1258 2229 1281 oder
2254 1257 2357 1286 geriſſen
2385 1257 2444 1288 ſind,
2475 1255 2529 1282 weil

1763 1289 1803 1322 der
1824 1286 1916 1311 Ballen
1942 1288 2005 1312 ſeine
2028 1288 2191 1320 Feuchtigkeit
2218 1297 2243 1321 zu
2270 1291 2332 1320 raſch
2358 1292 2460 1317 verliert
2481 1290 2530 1315 und

1763 1323 1799 1344 die
1825 1320 1943 1356 Wurzeln
1972 1322 2005 1346 oft
2031 1323 2099 1347 Noth
2126 1324 2215 1349 leiden.
2254 1325 2295 1350 An
2322 1325 2359 1350 die
2387 1324 2467 1351 Stelle
2492 1326 2532 1349 der

1766 1356 1946 1384 Blumentopfe
1976 1358 2053 1381 treten
2084 1357 2120 1382 bei
2152 1359 2269 1383 manchen
2295 1359 2530 1389 Blumenzwiebeln

1763 1388 1799 1423 die
1826 1387 1948 1422 Caraffen
1979 1389 2052 1413 (ſiehe
2082 1392 2126 1415 den
2158 1391 2325 1419 betreffenden
2356 1394 2472 1419 Artikel).
2518 1403 2531 1406 —

1762 1421 1800 1445 Es
1827 1421 1852 1445 iſt
1880 1422 1931 1445 hier
1956 1424 2013 1446 auch
2038 1423 2077 1447 ein
2098 1426 2250 1454 Kulturtopf
2274 1433 2298 1453 zu
2320 1430 2464 1454 erwähnen,
2493 1429 2532 1451 der

1841 1456 1916 1480 dings
1942 1457 2015 1479 unter
2037 1459 2089 1480 dem
2105 1456 2207 1482 Namen
2230 1461 2272 1484 des
2288 1463 2417 1497 Levetzow'
2422 1461 2486 1499 ſchen
2508 1459 2531 1483 in

1779 1494 1806 1511 en
1821 1489 1923 1513 Handel
1945 1489 2088 1513 gekommen
2111 1490 2146 1514 iſt.
2183 1491 2298 1522 Derſelbe
2323 1494 2348 1523 iſt
2364 1495 2402 1518 ein
2422 1503 2434 1520 T
2422 1494 2530 1524 Doppel⸗

1762 1490 1815 1548 —
1842 1520 1887 1544 mit
1914 1523 1968 1545 dem
1991 1523 2175 1558 gewöhnlichen
2197 1525 2379 1558 Abzugsloche,
2405 1529 2465 1553 aber
2493 1529 2532 1550 der

1765 1552 1961 1582 Zwiſchenraum
1993 1555 2056 1581 wird
2088 1557 2132 1583 mit
2162 1558 2258 1589 Waſſer
2292 1561 2380 1593 gefüllt
2412 1565 2460 1588 und
2493 1563 2531 1585 der

1763 1577 1870 1618 Pflanze
1893 1587 1918 1612 iſt
1940 1589 2087 1624 überlaſſen,
2112 1595 2157 1617 das
2180 1594 2218 1620 ihr
2240 1589 2375 1626 zuſagende
2391 1596 2460 1627 Maß
2482 1598 2530 1620 von

1765 1621 1927 1657 Feuchtigkeit
1953 1623 2027 1662 ſelbſt
2052 1631 2077 1653 zu
2103 1630 2261 1655 entnehmen.
2299 1623 2447 1656 Außerdem
2474 1630 2532 1655 aber

1764 1657 1849 1680 laufen
1880 1663 1911 1681 an
1944 1661 1984 1683 der
2013 1660 2083 1685 Seite
2109 1664 2150 1687 des
2177 1662 2278 1688 inneren
2310 1663 2403 1696 Topfes
2429 1666 2531 1691 Röhren

1763 1695 1812 1724 von
1837 1693 1898 1715 oben
1921 1694 1977 1718 nach
1999 1698 2082 1722 unten,
2106 1700 2215 1722 münden
2239 1698 2262 1722 in
2286 1698 2415 1728 denſelben
2430 1706 2467 1724 ein
2483 1697 2532 1722 und

1763 1726 1853 1749 führen
1880 1728 1923 1750 den
1946 1726 2064 1754 Wurzeln
2091 1730 2126 1754 die
2152 1731 2254 1761 nöthige
2274 1732 2328 1761 Luft
2359 1739 2392 1762 zu.
2431 1729 2532 1758 Behufs

1764 1759 1923 1789 gelegentlich
1949 1764 2111 1792 nothwendig
2138 1768 2283 1791 werdender
2305 1766 2437 1792 Entleerur
2433 1774 2463 1792 ng
2492 1765 2532 1789 des

1765 1792 1992 1819 Waſſerbehälters
2014 1796 2081 1821 dient
2102 1797 2140 1822 ein
2163 1799 2186 1822 in
2210 1800 2247 1824 die
2269 1800 2352 1825 Wand
2375 1803 2417 1825 des
2433 1795 2533 1830 Außen⸗

1764 1827 1847 1853 topfes
1869 1827 2043 1853 geſchnittenes
2065 1832 2130 1858 Loch,
2158 1835 2203 1857 das
2230 1834 2274 1858 mit
2295 1834 2375 1859 einem
2398 1836 2461 1860 Kork
2483 1835 2532 1857 ver⸗

1765 1859 1838 1898 ſtopft
1869 1860 1922 1897 iſt.
1947 1861 1993 1888 Die
2023 1852 2154 1891 Vortheile
2189 1867 2265 1898 dieſes
2300 1867 2393 1898 Topfes
2425 1868 2533 1898 beſtehen

1766 1898 1852 1921 darin,
1881 1898 1928 1921 daß
1955 1897 1992 1922 die
2023 1898 2146 1948 Pflanzen
2173 1909 2220 1927 von
2247 1903 2327 1928 einem
2355 1906 2429 1929 ihnen
2452 1901 2525 1932 aufge

1768 1936 1927 1956 zwungenen,
1953 1933 2060 1958 krank
2056 1936 2177 1962 machenden
2182 1938 2286 1964 Maße
2307 1945 2354 1963 von
2373 1929 2533 1966 Feuchtigkeit

1765 1966 1888 1989 verſchont
1924 1966 2034 1994 bleiben,
2076 1974 2121 1996 daß
2162 1944 2191 1997 ſie
2230 1975 2287 1998 auch
2325 1974 2357 1998 im
2392 1966 2533 1999 trockenſten

1770 2000 1875 2027 Zimmer
1909 2000 1965 2025 ſtets
1996 2002 2020 2026 in
2051 2004 2114 2039 einer
2148 2008 2254 2033 feuchten
2280 2008 2418 2034 Luftſchicht
2446 2008 2533 2039 ſtehen,

1767 2037 1803 2058 die
1825 2037 1915 2059 feinen,
1937 2042 1967 2059 an
1991 2040 2026 2061 die
2053 2040 2193 2069 Topfwand
2215 2041 2256 2067 ſich
2278 2044 2431 2069 anlegenden
2452 2042 2525 2068 Saug

1766 2074 1796 2091 wi
1793 2073 1838 2116 urz
1852 2071 1874 2091 in
1901 2072 1977 2094 weder
1971 2076 1986 2108 r
2005 2073 2074 2097 durch
2097 2074 2274 2103 Verbrennen,
2302 2078 2358 2102 noch
2383 2079 2440 2101 auch
2467 2070 2534 2101 durch

1774 2103 1918 2139 zelegentlick
1931 2111 1940 2121 e
1957 2106 2074 2141 niedrige
2099 2106 2266 2144 Temperatur
2287 2111 2375 2138 leiden,
2404 2115 2451 2136 daß
2477 2109 2533 2143 man

1766 2139 1821 2159 endl
1818 2117 1850 2158 üc
1882 2139 1911 2160 die
1940 2137 2019 2166 Erde,
2047 2143 2102 2165 weil
2125 2147 2154 2166 ſie
2179 2143 2240 2168 nicht
2262 2144 2374 2172 gegoſſen
2397 2146 2467 2170 wird,
2495 2138 2533 2172 ſich

1768 2170 1836 2203 locker
1867 2171 1947 2228 valt.
1965 2175 2014 2197 und
2048 2181 2102 2198 was
2137 2179 2177 2200 der
2207 2171 2339 2202 Vortheile
2373 2181 2439 2204 mehr
2476 2173 2533 2203 ſind.

1797 2208 1850 2226 ieſer
1880 2207 2072 2232 eigenthümlich
2099 2210 2204 2237 gebaute
2234 2214 2284 2235 und
2310 2213 2350 2236 als
2377 2206 2534 2241 zweckmäßig

1767 2343 1785 2359 er
1822 2343 1845 2362 zu
1877 2338 1911 2361 vie
1921 2312 1946 2362 —
1945 2346 1957 2362 n
1967 2313 2006 2366 88
2013 2341 2054 2368 latz
2079 2343 2196 2367 verlangt
2223 2349 2273 2370 und
2300 2346 2323 2370 in
2352 2352 2395 2371 den
2420 2343 2534 2373 Fenſtern

1766 2372 1843 2394 vieler
1870 2371 2047 2397 Wohnräume
2078 2381 2124 2399 gar
2150 2376 2210 2401 nicht
2238 2379 2400 2408 aufzuſtellen
2429 2379 2464 2406 iſt,
2490 2376 2535 2400 nur

1767 2406 1880 2429 langſam
1907 2405 2039 2433 Eingang.
2120 2410 2281 2439 Neuerdings
2309 2417 2334 2438 iſt
2362 2414 2467 2439 vielfach
2488 2410 2534 2434 von

1770 2439 1970 2472 Blumentöpfen
1993 2441 2029 2465 die
2055 2443 2123 2467 Rede
2145 2452 2230 2472 geweſe
2240 2454 2265 2474 n,
2288 2450 2366 2472 welche
2400 2455 2447 2472 aus
2469 2442 2524 2469 Kuh

1767 2476 1819 2495 miſt
1848 2474 1945 2507 bereitet
1973 2478 2080 2500 werden.
2129 2477 2189 2502 Dieſe
2223 2480 2381 2509 Erfindung,
2414 2482 2466 2506 hier
2490 2473 2534 2501 wie

1765 2511 1782 2529 ſo
1811 2508 1894 2531 häufig
1916 2507 1968 2531 eine
1988 2507 2086 2535 Tochter
2108 2516 2143 2536 der
2163 2515 2240 2542 Noth,
2266 2516 2328 2541 wird
2352 2520 2404 2540 dem
2427 2510 2534 2540 Direktor

1765 2642 1804 2664 als
1832 2646 1874 2664 auf
1898 2647 1960 2668 jener
1989 2646 2065 2671 Inſel,
2090 2647 2188 2672 bereitete
2228 2655 2248 2673 er
2275 2649 2400 2674 mittelſt
2406 2649 2466 2672 eines
2488 2642 2533 2674 ein⸗

1765 2675 1846 2698 fachen
1863 2675 2009 2701 Apparates
2038 2678 2060 2701 in
2084 2679 2163 2704 einem
2186 2681 2249 2707 Tage
2275 2684 2337 2705 1000
2349 2675 2363 2707 —
2379 2684 2441 2705 1200
2459 2677 2534 2704 Töpfe

1764 2713 1812 2731 von
1843 2712 1921 2742 großer
1948 2711 2099 2743 Leichtigkeit
2122 2719 2170 2737 und
2194 2715 2323 2743 Poroſität.
2374 2716 2453 2741 Wenn
2477 2709 2533 2734 man

1766 2744 1787 2765 die
1825 2748 1847 2764 in
1870 2744 1962 2766 ſolchen
1984 2745 2077 2770 Töpfen
2104 2751 2295 2773 unterhaltenen
2317 2751 2426 2773 Blumen
2450 2747 2472 2770 in
2490 2747 2532 2766 das

1764 2782 1818 2799 freie
1839 2779 1901 2800 Land
1930 2783 1953 2800 zu
1979 2780 2091 2803 pflanzen
2109 2783 2222 2808 wünſcht,
2248 2789 2270 2807 ſo
2286 2788 2384 2807 werden
2401 2788 2423 2808 ſie
2445 2773 2533 2804 ſammt

1444 714 1499 732 Höhe
1589 724 1615 737 im
1632 719 1708 737 Lichten

1454 751 1487 762 em
1633 750 1665 761 em

956 786 1174 818 Stecklingstöpfe
1194 788 1239 812 Nr.
1273 789 1274 811 1
1314 808 1361 812 ..
1461 789 1475 809 6
1635 790 1639 806 6
1656 787 1667 817 ½

957 819 1175 851 Stecklingstöpfe
1196 821 1241 846 Nr.
1276 822 1277 844 2
1315 842 1361 845 ..
1461 821 1474 844 7
1643 822 1658 838 8

958 854 1128 885 Cactustöpfe
1185 875 1189 878 .
1272 875 1361 879 6
1447 855 1476 877 10
1630 854 1659 875 10

957 888 1275 918 ,
1315 909 1362 913 49,
1448 889 1476 911 12
1631 887 1659 908 13

958 921 1189 953 Reſedatöpfe
1315 944 1362 947 ..
1450 923 1476 945 13
1632 920 1636 942 14
1668 919 1677 952 ½

958 955 1362 987 .
1449 958 1453 979 14
1482 955 1495 987 ½
1632 954 1678 985 15
1666 954 1678 987 ½

959 989 1188 1020 Levkoyentöpfe.
1272 1011 1362 1015 W4.
1448 990 1474 1013 17
1631 988 1678 1019 18
1665 988 1678 1020 ½

959 1023 1229 1056 Balſaminentöpfe.
1316 1045 1362 1049 ...
1450 1025 1471 1046 18
1481 1023 1495 1046 ½
1628 1023 1661 1044 20

957 1057 1192 1090 Hyacinthentöpfe
1228 1079 1232 1083 .
1450 1057 1476 1079 18
1482 1051 1496 1087 ½
1633 1055 1660 1078 13

1452 1804 1509 1824 Höhe
1603 1818 1629 1830 im
1646 1815 1721 1832 Lichten

1464 1844 1496 1854 em
1646 1843 1678 1855 em

960 1882 1120 1908 Thimbles
1141 1882 1299 1915 -Fingerhüte
1367 1903 1370 1906 ..
1468 1883 1483 1905 5
1651 1883 1666 1905 5

959 1917 1082 1943 Thumbs
1100 1932 1113 1934 —
1119 1917 1314 1949 Daumentöpfe
1366 1938 1370 1942 .
1469 1922 1473 1938 6
1486 1917 1502 1949 ½
1653 1918 1685 1949 61,

960 1951 1236 1983 Sixties
1079 1951 1096 1983 —
1109 1951 1236 1983 Sechziger
1324 1972 1370 1976 ...
1469 1954 1484 1974 9
1652 1958 1667 1971 8

966 1986 1169 2018 Forty-eights
1195 1986 1213 2018 —
1225 1987 1284 2014 Acht
1320 1991 1370 2012 und

1457 2021 1485 2044 18
1641 2022 1667 2045 12

960 2054 1078 2085 Thirty-
1091 2059 1158 2078 twos
1185 2069 1202 2071 —
1217 2056 1281 2083 Zwei
1321 2059 1371 2080 und

996 2087 1121 2118 breiſien
1458 2089 1485 2113 16
1641 2089 1668 2112 16

959 2121 1094 2148 Twenty-
1110 2123 1183 2145 fours
1205 2121 1222 2148 —
1233 2123 1295 2148 Vier
1321 2127 1372 2148 und

994 2155 1155 2185 zwanziger.
1453 2158 1480 2180 21
1635 2159 1664 2180 22
1676 2158 1685 2189 ½

960 2189 1100 2213 Sixteens-
1118 2175 1298 2220 Sechszehner
1453 2193 1475 2213 23
1494 2190 1503 2221 ½
1635 2191 1667 2213 25

959 2222 1086 2247 Twelves
1099 2237 1112 2239 —
1127 2222 1235 2251 Zwölfer
1453 2225 1485 2246 26
1636 2226 1668 2246 30

965 2256 1061 2284 Eights—
1100 2255 1187 2282 Achter
1369 2276 1372 2279 .
1453 2258 1485 2280 29
1635 2258 1686 2288 31
1672 2255 1686 2288 ½

960 2289 1181 2320 Sixes
1055 2289 1070 2321 —
1084 2289 1372 2320 Sechſer...
1453 2290 1480 2313 31
1493 2290 1504 2321 ½
1635 2291 1665 2315 34

964 2325 1060 2349 Fours
1064 2324 1081 2351 —
1086 2325 1372 2351 Vierer..
1453 2324 1482 2347 34
1635 2326 1667 2347 39

960 2359 1039 2383 Twos
1060 2358 1074 2389 —
1082 2359 1242 2388 Zweier
1325 2378 1373 2382 ...
1453 2359 1475 2379 36
1491 2358 1503 2389 ½
1642 2359 1666 2382 147

1768 2240 1858 2259 bereits
1892 2211 1992 2274 etprobt
1998 2254 2008 2275 e
2038 2242 2189 2270 Kulturtopf
2223 2243 2261 2269 iſt,
2301 2246 2346 2270 wie
2387 2249 2432 2270 das
2465 2243 2533 2268 kaum

1766 2272 1857 2305 anders
1882 2273 1990 2330 Nuaglich
2005 2276 2044 2300 iſt,
2070 2274 2118 2297 viel
2144 2275 2271 2303 theuerer,
2298 2281 2338 2303 als
2361 2280 2398 2303 ein
2422 2277 2525 2307 gewöhn

1767 2304 1834 2327 licher
1866 2303 2051 2334 Blumentopf,
2074 2311 2123 2332 und
2150 2307 2225 2334 findet
2254 2314 2368 2338 deshalb,
2397 2314 2454 2338 auch
2481 2305 2533 2334 weil

1766 2553 1794 2579 de
1986 2550 2012 2567 en
2058 2545 2172 2570 Gartens
2212 2556 2253 2572 auf
2299 2552 2326 2575 St.
2376 2546 2531 2575 Mauritius,

1766 2575 1794 2598 M
1954 2578 2098 2601 geſchrieben.
2143 2583 2198 2605 Aus
2226 2583 2304 2611 jenem
2332 2583 2467 2608 Material,
2489 2582 2532 2602 das

1765 2613 1857 2630 freilich
1934 2612 2097 2634 Deutſchland
2134 2620 2188 2637 einen
2213 2617 2319 2641 höheren
2344 2616 2429 2641 Werth
2453 2607 2534 2636 beſitzt,
