1214 1916
0 163 55 205 ⸗
0 245 53 287 r.
0 286 49 330 rt
0 362 51 422 f—
0 480 50 537 n⸗
0 661 51 704 n.
0 736 24 786 ?
0 910 34 958 ſer
0 993 54 1039 ne
0 1036 48 1077 te
0 1114 33 1162 't.
0 1277 41 1328 b
0 1408 49 1465 n/
490 110 656 148 o3.
88 132 1019 194 Derſelben / der man wil kein Blutt zum Opffer geben!
81 176 1051 234 565. Wetl Ntemand thr Gebein' aus koſtbarm Waſſer waͤſch't /
93 220 1051 278 Und die noch glimmeGlutt durch keine Thraͤn' außlaͤſch't /
129 262 977 319 So waſch' nnd leſche ſie mein ſpritzendes Gebluͤtte;
131 303 1024 359 Eh als der Kaͤyſer mich mit Blitz und Ach umbſchuͤtte.
95 345 1033 404 Viel beſſer: Daß ein Dolch die Adern ſchneid' entzwey /
81 387 938 445 570 Und mein unſchuldig Blutt ein reines Opffer ſey;
103 424 1051 485 Als: daß es auf der Rach' entweyhtem Schmach⸗Altare
129 469 1051 523 Der Mord⸗Verraͤther Grimm der Hencker Pein erfahre.
131 510 1051 568 Wie Mneſter /zitterſtu? ſchreck't Tod und Sterben dich.
92 551 1051 607 Was ſtarrſtu? hemmt deinArm noch den behertzten Stich?
82 594 1051 655 7r· Stoß / Mneſter /ſtoß / ſtoß zu! durch ſolch bepurpert ſter⸗
438 643 602 686 ben
132 671 1051 730 Kan aus den Wunden man ihm Ehren⸗ Fahnen faͤrben.
132 717 1051 778 Paris. Schau / wie / wenn man der Schlang thr giftigs
404 760 777 812 Haupt abſchlaͤg't /
135 797 1051 863 Jhr Schwantz und Brutt ſich ſelbſt tn's Grab zu ſcharren
418 847 627 897 pflaͤg't.
137 880 1051 945 Mneſt. Jhr Schlangen / gebt denStich mir und der Agrip-
454 934 622 975 pine.
81 959 1051 1023 50.AAic. Schau wie die Natter noch zu zuͤngeln ſich erkuͤhne!
95 1005 1051 1067 Mneſt. Die Zunge / die ſchon ſtirb't / iſt alles Heuchelns
442 1054 614 1103 frey.
141 1084 1051 1147 Paris. Man lach't / wenn / wer verſpiel't / die Karte reiſt
428 1139 660 1183 entzwey.
139 1168 1047 1225 Verblutte Seel' und Geiſt / verkuͤhle Zorn und Gallen.
139 1214 1051 1274 Ein ſich ſelbſt-ſtuͤrtzend Feind bring't ſuͤſſes Wolgefallen.
156 1284 1051 1364 Ncro. Zoroaſter. Sein Diener.
344 1361 839 1436 Paris. Anicetus.
85 1455 1051 1517 585. Nero. Hier iſt der Orth / den du zum Opffer dir beſtimm't.
111 1502 1051 1561 Zoroaſt. Sehr wol: daß noch dte Aſch und ihr Gebeine
454 1552 683 1600 glimm't.
151 1583 937 1640 Was aber raͤchelt hier fuͤr eine blutt'ge Leiche?
154 1621 1051 1690 Aic. Ein ſich ſelbſt⸗leſchend Brand von Agrippinens
447 1673 679 1722 Seuche.
499 1700 1051 1768 G 4 Zoroaſt-
52 1127 90 1168 3
42 1216 91 1258 7
0 1732 33 1778 el
48 1715 88 1778 1
