1214 1916
68 1071 98 1106 5.
479 95 653 142 t.
111 180 285 267 3
695 172 772 254 3
112 256 537 336 Sturds?id
851 255 925 330 c
386 356 784 440 Die Erſie
339 423 483 463 Dc
351 487 645 549 l
679 489 787 547 44l
75 532 681 667 Der Schauplatz
711 572 1033 660 tellet vor
232 655 911 740 des Kaͤyſers Gemach.
309 724 816 798 Nero. Otho.
76 807 220 855 Nero
379 797 1033 864 O iſts! Die Sonn' erſtar't fuͤr unſers
528 846 860 897 Hauptes Glantz /
381 884 1033 942 Die Welt fuͤr unſer Macht. Des Ninus
521 930 826 980 Steges⸗ Krantz
123 964 991 1025 Verwelck't fuͤr unſerm Ruhm: Cyaxarens Geluͤcke
122 1009 1033 1066 Muß fuͤr des Kaͤyſers Sieg den Krebsgang gehn zuruͤcke /
122 1055 1008 1106 Und Nerons Blitzen ſaͤug't der Grichen Lorbern weg.
122 1090 1033 1149 Rom ſchaͤtz't ſich ſelbſt zu tief fuͤr unſrer Thaten Zweck,
122 1135 1032 1191 Die Erde ſich zu klein zum Schauplatz unſ rer Wercke.
121 1176 1033 1231 Des Numa Heyligkeit / des Roͤm ſchen Vaters Staͤrcke /
80 1220 850 1274 Der Muth des Julius / Tiberius Verſtand
30 1256 1033 1317 10. Sind Schatten unſers Thuns und Spielwerck dieſer
30 1306 621 1379 Hand.
127 1340 896 1400 Saturnus guͤld ne Zeit iſt gegen dteſer eyſern.
128 1378 1033 1442 Sieg / Friede / Wolſtand hat bey allen andern Kaͤyſern
129 1426 952 1482 Nie / wie bey uns gebluͤh't. Araxens groͤſte Stadt
126 1469 887 1524 Hat unſer Arm geſchleifft. Der Tiridates hat
71 1502 1033 1570 15. Durch Fußfall erſt von uns erkauffet Gnad und Guͤte
92 1551 867 1608 Und Vologeſus ſchick t aus Arſaces Gebluͤte
127 1589 984 1647 Uns Geißel ſeiner Treu. Des Janus Thor ſteh't zu.
131 1627 1033 1692 Der Kaͤyſer ſih't denPreiß / die Stadt / den Nutz der Ruh.
132 1677 979 1742 Dis Schoß des Jupiters lig t voller orber⸗ Zwege:
586 1712 1033 1772 A Man
