1584 2320
810 105 1039 173 ix.
128 202 1271 289 das gemecht damit geweſchen benimpt dz ragen
129 261 1243 344 der gemecht. Betonica.
322 323 1068 395 Wer hubſch har woͤltl haben.
134 363 1266 462 Jtem trmck wein ab betonien ſo würt dir ein gůt
126 429 1267 516 rarb ſprichet Plmius wer ſy bey m trag dẽ mag
124 483 1239 568 kein ʒouberey geſchaden. Es iſt auch gůt fur gift.
126 541 1264 620 Vnd wer ein boͤſen magen hat leber vñ miltz der
127 603 1262 680 mag trincken ab dem kraut alſo dz dar vnð ge-
125 655 1259 736 miſcht werd wenig eſſich vnd dontg diß alſo ge-
125 706 1263 795 trũcken es hilft:es iſt auch gůt denẽ die blůt ſpeyẽ
133 765 1236 854 Wer ein gůt gedechtnüß woll han. Bugloſſa.
128 827 1256 905 tem wer och enzung dz kraut beyſft m wein vñ
119 868 1254 958 darnoch trickt der ge wint ein gůte gedechtnüß
118 929 1256 1003 Es ſterckt auch das hertz vnd macht gůt blůt vñ
118 979 1254 1062 eilet auch das hertz geſperr. Das ſaft getrunckẽ
118 1038 1206 1125 mit warmẽ waſſer hilft für dz geſchwellẽ ð fuß.
302 1096 1235 1171 Was den durſt nem. Borberis.
118 1140 1252 1230 Jtem neüß pferſich ſo benimpt er den durſt vnd
118 1207 1242 1289 ſterckt dẽ magenvnd die leber. Jtẽ damit geſch/
118 1258 1253 1347 mirbt den bauch der frauwẽ tribt uß dʒ tod kindt
118 1316 1247 1403 auch macht es ſchwitzen. Pferſich mit waſſer das
118 1371 1246 1458 ſaft auß getruckt vnd da von morgens genoſſen
118 1422 1157 1513 iſt gůt wider dʒ haubt wee ſpricht Platearius.
190 1486 1225 1563 Fur dz ſchwĩdlen im haubt. Borrago.
118 1530 1239 1626 Jtẽ nim dz ſaft von dẽ kraut borrich vñ miſch dz
118 1595 1238 1679 mit zucker vnd trincks dʒ hilft für dẽ ſchwmdel ĩ
118 1641 1221 1734 haubt. Die blůmẽ roh geeſſen machent gůt blůt.
118 1698 1234 1797 Jtez leg die blůmen in baum oͤl vñ ſtreich dz über
