1623 2304
209 196 1255 274 klicher ſollicher künſt vnd artzney deſter belder be
209 255 1255 334 richt werd ſo merck ordnũg ð titel vñ des .b.c.
535 317 952 377 Abrotanum.
390 364 628 439 Alſo ſo
649 392 706 433 tu
736 377 1224 439 en magẽ er wermen.
213 415 1255 500 Abrotanũ dz iſt ſtabwurtz mit wein vñ zucker ge/
209 482 1255 550 ſottẽ vñ getrunckẽ macht ein warmẽ magẽ der er
209 537 1255 610 kalt iſt von dẽ ſchleim: auch ſeübert es den frawẽ
209 593 1255 662 jren fluſs. vñ ſta bwurtz mit wein getrunckẽ brgt
209 649 1255 712 jnen jr zeyt. Der rauch von ſtabwurtz vertreibt die
209 698 1255 772 ſchlangẽ ſpꝛicht Dia ſcorides. Jtem ab ſtabwurtz
209 755 1255 829 getruncken iſt gůt dem der gebiſſen iſt von vergif
209 811 1255 882 ten tyeren. Mim war: Auicẽna ſpricht wa man
209 866 1255 936 Stabwurtz hyn itroͤuwet/ da bleibt kein vergifts
209 914 1255 990 tyer: dann welches da bleibt dz ſtirbt. Jtẽ ſtab/
209 973 1255 1042 wurtz gepuluert vñ mit wem getruncken binget
209 1026 1255 1100 den frau wen jr zeit menſtruũ genant. Jtẽ der
209 1079 1255 1150 rauch von Stabwurtz vertreibt die ſchlangẽ in
209 1139 1255 1209 dem hauß ſpricht. Dyaſcorides. Jtẽ oͤl võ itab
209 1186 1255 1259 wurtz gemacht vnd da mit vnder dem nabel ge /
209 1245 795 1321 ſchmirbt macht harnen.
397 1301 1039 1375 Dem das har auß fellt.
209 1354 1255 1428 tem wermůt geſotten m lauge mit ſtabwurtz
209 1404 1255 1486 da mit das haubt ge weſchen iſt gůt wider dz har
209 1466 1255 1539 außfallen genãt Allopitia. Jtẽ geiſſen klawẽ
209 1519 1255 1594 gebrant zů puluer dz gemiſcht iſt mt weichẽ bech
209 1572 1131 1651 iſt gůt wañ man dʒ haubt da mit ſalbet.
350 1629 1255 1700 Für die geel ſucht. Abſintheũ.
209 1681 1255 1762 Jtem wer wermůt faſt trinckt x. tag noch enan⸗
1070 1745 1254 1811 a ij.
