1844 2888
1 1880 96 1890 1.7

31 1890 109 1903 14

22 2507 125 2635 4

257 301 405 374 Als
428 301 515 387 nun
545 313 633 379 der
658 307 825 382 Koͤnig
850 319 986 372 ward
1007 313 1241 387 geſtochen

311 383 510 459 Bekam
534 395 613 444 der
643 385 753 459 Hund
800 392 916 460 eins
939 406 1004 467 an
1035 402 1115 455 den
1122 396 1383 469 Knochen:

308 457 497 523 Damit
521 460 772 529 verfluchte
798 465 853 535 ſie
885 457 963 542 die
986 465 1122 542 Kegel
1296 472 1299 475 S

310 537 424 600 Und
447 540 551 607 hieß
570 548 657 600 den
671 538 919 613 Schieber
938 549 1073 608 einen
1100 546 1285 625 Flegel.

281 630 392 701 XV.
421 624 549 703 Bey
573 626 624 702 ſo
650 625 898 701 beſtalten
920 631 1185 715 Sachen
1166 624 1186 736 /
1203 641 1345 732 halte
1375 633 1455 800 ich

1430 746 1452 776 2

145 741 355 747 dieſe
398 702 751 784 Vermehrung
776 712 865 774 der
896 702 1051 793 Reime
1085 725 1171 781 vor
1191 712 1409 793 üͤberflüt

229 780 339 856 ſig/
375 786 486 846 und
510 786 686 850 werde
711 789 828 851 mir
861 790 998 865 nicht
1020 794 1103 858 die
1122 789 1309 866 Muͤhe
1326 801 1449 876 neh⸗

228 871 316 922 men
359 865 377 933 /
392 857 631 950 dieſelben
664 867 798 956 dem
820 867 1230 946 nachfolgenden
1250 876 1446 943 Reim⸗

226 935 470 1014 Regiſter
490 944 921 1030 einzuverleiben.
1244 989 1377 1043 4

287 1023 427 1104 XVI.
449 1019 608 1088 Was
620 1022 694 1083 die
701 1020 1032 1115 Verſetzung
1045 1028 1135 1095 der
1146 1022 1348 1115 Reime
1361 1030 1442 1097 be⸗

225 1089 390 1175 trifft
379 1089 399 1193 /
404 1089 455 1168 ſo
468 1096 644 1170 haben
666 1097 756 1174 ſich
776 1109 877 1164 vor
890 1114 1128 1193 weniger
1148 1100 1273 1185 Zeit
1286 1117 1444 1187 Leute

224 1168 511 1255 gefunden
500 1168 520 1276 /
523 1174 703 1246 welche
742 1182 822 1261 den
848 1176 974 1246 Reim
1016 1184 1174 1251 lieber
1185 1195 1319 1276 zum
1327 1187 1441 1269 An⸗

222 1251 420 1326 fange/
442 1255 528 1320 als
550 1262 675 1331 zum
698 1254 1001 1337 Ausgange
1033 1263 1128 1329 der
1140 1257 1323 1346 Zeilen
1343 1270 1446 1343 ha⸗

224 1324 320 1390 ben
334 1332 659 1408 gebrauchen
680 1333 896 1401 wollen.
988 1349 1181 1419 e.

305 1415 334 1448 1.
391 1404 561 1467 Richtet
579 1410 739 1457 niemals
759 1412 897 1465 fremde
916 1412 1113 1473 Verſe/

386 1465 554 1524 Tichtet
574 1466 688 1526 lieber
707 1475 827 1519 etwas
849 1464 995 1527 beſſers.

296 1531 332 1567 2.
386 1523 494 1578 Laſt
513 1523 571 1572 die
581 1526 737 1584 Tugend
755 1531 988 1586 ungetadelt
972 1523 988 1586 /

381 1580 505 1639 Haßt
523 1579 700 1639 hingegen
719 1585 790 1642 alle
807 1587 946 1645 Laſter.

269 1643 326 1685 3.
378 1638 527 1693 Laſter
547 1640 621 1695 ſind
640 1641 704 1687 der
714 1643 862 1692 Seelen
882 1643 1061 1694 Wunden
1069 1646 1092 1694 /

357 1695 512 1752 Ja
533 1696 578 1752 ſie
597 1695 750 1756 bringen
767 1711 836 1758 gar
854 1703 922 1763 den
932 1701 1059 1751 Todt:

376 1753 550 1809 Pflaſter
572 1756 656 1807 aber
676 1753 762 1818 ſind
772 1760 832 1805 die
846 1757 1097 1818 Spruͤche“

450 1816 526 1884 Da
535 1818 616 1888 uns
628 1811 746 1864 GOtt
766 1827 835 1892 zur
848 1813 962 1875 Bulſe
982 1817 1086 1874 rufft⸗

254 1882 444 1970 KAVII.
467 1884 635 1957 Nun
646 1888 749 1973 wil
764 1887 834 1966 ich
857 1897 1009 1985 zwar
1030 1892 1150 1960 dem
1165 1888 1431 1988 Erfinder

215 1958 293 2023 die
324 1959 475 2036 Ehre
513 1968 605 2042 der
644 1974 916 2059 cariohtaͤt
943 1968 1094 2062 nicht
1120 1973 1427 2061 diſpotitlich

216 2032 458 2110 machen:
493 2039 649 2120 Doch
672 2045 876 2123 weil
810 2032 877 2138 ich
888 2057 986 2127 zur
995 2042 1120 2125 Zeit
1131 2048 1269 2138 nicht
1289 2051 1425 2126 ſehe
1409 2032 1425 2138 /

212 2119 336 2191 was
361 2114 451 2263 —
485 2113 668 2201 ſolcher
691 2122 803 2204 Art
822 2127 944 2217 dem
969 2124 1271 2216 Schreiber
1288 2134 1424 2206 oder

209 2191 330 2255 dem
344 2193 483 2285 Leſer
492 2203 593 2277 vor
605 2198 686 2274 ein
697 2197 956 2280 Vortheil
970 2200 1230 2281 zuwaͤchſt
1247 2211 1264 2280 /
1291 2199 1326 2282 ſo
1338 2209 1422 2274 be⸗

216 2263 372 2353 gehre
396 2270 464 2349 ich
479 2278 617 2352 keine
634 2277 1314 2371 nachzumachen.

219 2350 460 2421 VIII.
523 2349 691 2453 Wolte
718 2349 822 2453 man
859 2368 953 2425 vor
971 2355 1167 2452 wenden
1194 2349 1298 2453 /daß
1325 2349 1418 2453 der

201 2415 368 2515 Vers
390 2422 569 2513 ſolcher
582 2429 775 2521 geſtalt
786 2426 892 2580 umm
907 2431 958 2519 ſo
970 2430 1074 2505 viel
1093 2428 1229 2524 deſto
1246 2428 1412 2598 nſe
