1055 1732
433 83 647 141 Vorrede.

205 168 346 215 Wann
356 171 410 221 ich
424 168 524 215 dann
542 175 644 218 einen
662 155 985 225 Tractatum
1021 167 1045 204 von

91 224 196 269 dem
213 225 353 279 groſſen
375 226 500 278 Stein
518 233 578 278 der
600 221 825 281 Vhralten
816 221 837 281 /
839 221 990 281 Fratris

114 278 240 337 Baſilij
266 282 476 326 Valentini,
488 279 709 326 Benedicter
725 281 916 335 Ordens
897 278 914 337 /
926 279 1046 337 off

112 339 220 380 vieler
233 338 335 389 guter
347 339 422 379 vnd
432 339 646 392 vornehmer
655 338 762 391 Leute
784 341 979 394 begehren

115 396 154 436 in
167 389 297 437 Druck
308 392 502 443 befordert
496 389 514 449 /
530 389 667 449 welches
689 392 1009 446 Churfürſtlicher

115 445 289 491 Gnaden
309 454 356 497 zu
387 448 729 501 Brandenburgk
708 445 730 501 /
749 449 872 501 ſampt
887 450 1015 497 dero

112 499 392 560 hochloͤblichem
404 503 643 558 vielgeliebten
655 503 827 560 Gemahl
839 509 901 560 ich
912 500 998 560 vn,

68 559 318 615 terthenigſt
329 561 365 602 in
385 558 484 620 ſehnlz
510 558 597 620 oller
612 560 671 597 ret
680 559 755 603 nd
772 559 998 608 declielter,

113 617 189 659 vnd
201 620 298 664 dann
323 612 522 669 auſſerhalb
545 613 655 665 deſſen
673 610 803 671 darbey
821 617 910 668 noch
921 610 979 670 ein

113 670 307 722 ſonderlich
323 670 428 714 Libell
443 671 616 722 befunden
636 675 809 720 worden
807 670 830 722 /
851 673 892 709 De
923 670 1000 722 oc⸗

112 725 218 764 culta
234 724 591 775 Philoſophia,
513 724 599 778 oder
617 739 692 770 von
710 731 769 768 der
787 725 1048 778 Wunder⸗

111 782 240 834 geburt
252 785 311 823 der
331 783 443 832 ſieben
467 781 679 836 Planeten
664 781 687 838 /
698 785 788 833 nach
804 783 1013 838 Philoſo⸗

113 836 271 892 pꝓhiſcher
283 842 358 879 vnd
370 836 580 888 Poetiſcher
592 846 650 880 art
668 836 1012 889 vorgeſchrieben

114 890 171 945 Ich
198 894 286 944 aber
297 896 418 943 malich
437 895 673 945 angelanget
654 890 671 945 /
683 895 746 945 diß
755 895 860 944 kurtze
871 893 1004 938 Libell

2 950 264 1001 gleicher
275 950 644 1001 geſtalt
414 942 468 1005 ans
488 950 588 1001 liecht
603 942 646 1005 zu
657 947 863 1001 befoͤrdern.
909 939 1043 1008 Wañ

113 1008 168 1053 ich
180 1008 276 1047 dann
295 1004 429 1056 ſolchen
440 1013 551 1056 guten
563 1004 747 1062 Leuten
706 1001 743 1062 zu
760 1001 988 1060 willfahren
1029 1008 1031 1012 /

112 1060 175 1113 vff
179 1063 353 1115 anhalten
364 1063 458 1112 mich
471 1063 605 1112 endlich
627 1060 748 1118 bewegen
777 1060 885 1118 laſſen
900 1064 914 1114 /
924 1062 950 1111 v

69 1115 214 1162 dann
225 1117 275 1164 E.
293 1115 344 1161 E.
362 1118 434 1169 ohn
445 1115 670 1170 anhoͤrendes
680 1119 808 1169 rhums
820 1118 915 1162 nicht
926 1121 962 1157 al

84 1177 160 1185 lein
190 1171 262 1228 alle
289 1171 388 1228 Phile
404 1172 577 1226 ſophiſche
602 1171 740 1228 Kuͤnſte
756 1175 856 1220 durch
877 1178 943 1220 lan

114 1231 239 1281 wirige
255 1226 593 1280 Experientz
467 1226 478 1281 /
494 1226 593 1280 koſten
604 1234 677 1280 vnd
691 1229 795 1281 muͤhe
806 1230 820 1274 /
824 1229 944 1280 treffli

115 1286 296 1337 befoͤrdert
305 1283 322 1333 /
336 1284 755 1338 ſondern
495 1283 591 1338 vnter
607 1283 666 1338 die
681 1283 762 1338 zahl
767 1286 824 1323 der
851 1283 944 1338 Phi

115 1341 267 1394 ſophen
246 1337 263 1394 /
273 1339 307 1390 ſo
317 1350 388 1382 aus
402 1345 481 1381 dem
491 1337 627 1393 grunde
638 1338 696 1379 der
712 1338 837 1381 Natur
846 1342 938 1391 das

115 1400 245 1448 rige
198 1394 236 1448 zu
256 1396 454 1446 defendiren
465 1394 602 1444 wiſſen
591 1394 608 1448 /
620 1395 758 1448 ſelbſten
793 1397 907 1445 mogen
927 1406 992 1446 ge⸗

114 1457 186 1502 zalt
203 1457 353 1494 werden.
394 1451 468 1496 Als
490 1452 559 1505 hab
578 1454 630 1500 ich
654 1449 749 1496 meht
769 1448 989 1505 vnterlaſſen

71 1504 315 1561 wollen
249 1501 268 1561 /
279 1501 317 1561 dil
324 1507 377 1559 ſes
386 1509 490 1559 kurtze
501 1508 659 1560 buͤchlein
693 1504 722 1555 E.
742 1508 765 1556 E
784 1511 840 1561 als
845 1501 990 1561 einem
967 1501 990 1561 /
