2744 4774
96 2885 148 2937 S.
173 2885 291 2937 346.

98 3327 150 3378 S.
176 3325 295 3378 367.

99 3414 152 3468 S.
180 3413 298 3466 367.

639 291 996 355 Druckfehler,
1032 293 1482 365 Berichtigungen
1518 297 1627 349 und
1662 297 1898 350 Zusätze.
2345 297 2467 359 539

366 460 475 553 *,
513 461 606 530 *
645 486 1214 551 zusammengesetzten
1250 485 1479 552 Körpers
1517 487 1575 537 in
1610 486 1787 555 Bezug
1819 488 1916 539 auf
1946 473 2030 563 bel
2045 469 2086 520 2)
2126 489 2199 542 ist
2234 487 2471 554 cyklisch

367 583 480 618 vom
530 568 699 619 Grade
726 571 798 635 ½.
872 570 987 620 Wir
1034 571 1348 623 entnehmen
1393 573 1625 637 hieraus,
1675 575 1822 639 dass,
1871 592 2021 628 wenn
2044 578 2089 640 F
2118 578 2208 629 das
2244 577 2470 628 kleinste

365 656 715 723 gemeinsame
772 657 1039 709 Vielfache
1104 658 1196 709 der
1257 658 1452 710 Zahlen
1501 662 1582 725 1,
1630 661 1685 724 ½
1751 662 2024 729 bedeutet,
2094 665 2177 716 die
2240 664 2467 715 Relativ-

371 776 572 828 gruppe
611 776 712 812 von
748 761 778 809 “
815 762 872 813 in
910 762 1086 829 Bezug
1138 762 1231 812 auf
1262 744 1348 836 ve
1366 744 1406 794 2)
1445 763 1600 814 peine
1647 763 1910 830 cyklische
1959 766 2329 835 Untergruppe
2368 783 2470 819 von

366 846 611 898 höherem
658 847 733 899 als
783 848 897 900 dem
923 849 1056 911 Ften
1097 847 1269 900 Grade
1319 851 1587 903 enthalten
1632 852 1790 902 kann.
1863 851 1941 903 Da
1976 854 2008 902 *
2044 855 2121 906 als
2170 854 2468 922 Trägheits-

365 934 559 1000 körper
605 934 696 986 des
734 935 1041 986 Primideals
1079 932 1132 1000 P
1169 937 1283 987 eine
1334 938 1596 1004 eyklische
1632 938 2040 1007 Relativgruppe
2078 942 2132 992 in
2169 940 2348 1009 Bezug
2384 941 2475 993 auf

366 1023 419 1094 *
454 1021 690 1074 besitzen
733 1039 875 1075 muss
923 1022 1033 1073 und
1081 1022 1173 1073 der
1215 1022 1420 1089 Körper
1456 1026 1509 1097 /
1547 1025 1650 1077 den
1695 1027 1902 1093 Körper
1938 1006 2027 1104 61.
2046 1008 2355 1093 enthält,
2410 1043 2467 1080 80

367 1069 524 1177 folgt,
588 1109 709 1161 dass
762 1110 887 1177 jene
933 1109 1195 1176 cyklische
1241 1068 1650 1183 Relativgruppe
1701 1128 1804 1164 von
1856 1112 1888 1161 *
1941 1115 1998 1164 in
2041 1111 2220 1182 Bezug
2274 1068 2367 1165 auf
2416 1117 2469 1188 .

369 1195 650 1247 höchstens
689 1196 790 1248 den
827 1196 965 1247 Grad
988 1196 1032 1258 J
1057 1196 1163 1247 hat.

510 1284 875 1336 Andererseits
914 1283 1104 1335 stellen
1140 1284 1230 1334 wir
1265 1284 1511 1352 folgende
1536 1285 1955 1352 Betrachtungen
1999 1304 2082 1338 an.
2144 1287 2240 1340 Die
2279 1289 2473 1341 beiden

366 1370 571 1438 Körper
627 1352 717 1421 440
777 1371 887 1423 und
946 1371 1000 1445 %
1052 1371 1224 1423 haben
1278 1371 1381 1423 den
1433 1373 1636 1440 Körper
1670 1355 1790 1446 e,
1842 1374 1966 1426 aber
2019 1375 2211 1426 keinen
2263 1376 2472 1443 Körper

367 1474 600 1526 höheren
637 1473 837 1526 Grades
883 1474 960 1527 als
1009 1475 1397 1541 gemeinsamen
1432 1474 1810 1542 Unterkörper,
1858 1477 1922 1527 da
1961 1482 2109 1530 sonst
2142 1461 2241 1544 p.
2280 1480 2338 1531 in
2383 1481 2405 1529 k
2421 1461 2468 1511 GU

367 1562 503 1613 noch
558 1563 737 1613 weiter
790 1562 1057 1629 zerlegbar
1112 1563 1228 1612 sein
1275 1560 1487 1613 müsste.
1562 1561 1907 1630 Desgleichen
1950 1564 2121 1615 haben
2160 1565 2245 1617 die
2283 1567 2474 1618 beiden

370 1649 574 1716 Körper
628 1629 721 1698 *%
780 1650 889 1700 und
942 1650 996 1723 %
1050 1648 1154 1700 den
1207 1649 1411 1714 Körper
1463 1630 1557 1720 e
1614 1666 1727 1700 zum
1793 1650 2035 1717 grössten
2089 1654 2476 1719 gemeinsamen

368 1753 740 1820 Unterkörper.
836 1754 951 1805 Wir
1019 1753 1173 1820 legen
1240 1769 1347 1804 nun
1409 1736 1497 1826 Fel
1512 1733 1552 1783 2)
1613 1754 1688 1804 als
1761 1755 2340 1808 Rationalitätsbereich
2410 1775 2475 1810 zu

372 1840 610 1904 Grunde;
672 1857 728 1892 es
783 1842 855 1892 ist
909 1842 1048 1893 dann
1096 1842 1150 1914 ,
1201 1841 1286 1891 ein
1343 1841 1544 1892 solcher
1597 1841 1994 1908 Relativkörper
2046 1845 2102 1894 in
2156 1843 2334 1913 Bezug
2389 1846 2479 1896 auf

371 1927 426 2019 1
500 1927 540 2010 ,
582 1947 672 1998 der
697 1946 868 1997 weder
893 1947 987 1997 mit
1018 1926 1132 2010 00,
1170 1945 1304 1996 noch
1340 1945 1435 1995 mit
1469 1926 1561 1993 5)
1607 1946 1761 1996 einen
1786 1944 2182 2014 Relativkörper
2217 1950 2274 2001 in
2298 1950 2475 2019 Bezug

371 2050 464 2101 auf
495 2032 583 2124 El
605 2032 646 2083 2)
694 2051 902 2117 gemein
951 2052 1055 2102 hat.
1128 2050 1348 2101 Hieraus
1396 2048 1682 2099 schliessen
1728 2049 1820 2100 wir
1857 2050 1992 2101 ohne
2029 2051 2209 2118 Mühe,
2264 2054 2386 2106 dass
2422 2057 2475 2128 1

1307 2136 1445 2216 4415

1345 2227 1390 2289 7

1489 2180 1545 2229 in
1591 2178 1767 2246 Bezug
1821 2177 1912 2230 auf
1955 2162 2041 2252 vl,
2065 2162 2105 2213 2)
2153 2183 2267 2234 sein
2316 2183 2473 2236 kann.

1898 2307 1940 2351 el
1964 2290 2004 2353 Ji
2022 2309 2055 2353 e
2086 2292 2127 2353 J

373 2181 654 2233 höchstens
714 2197 828 2233 vom
883 2181 1251 2248 Relativgrade

373 2336 476 2387 Der
520 2336 725 2403 Körper
760 2337 814 2412 k,
850 2338 922 2390 ist
974 2336 1134 2388 daher
1187 2335 1466 2387 höchstens
1515 2350 1630 2386 vom
1669 2332 1837 2385 Grade
2161 2374 2173 2397 „
2213 2339 2260 2388 d.
2300 2339 2348 2389 h.
2389 2339 2474 2390 die

373 2449 787 2517 Relativgruppe
834 2465 937 2501 von
974 2450 1003 2497 &
1040 2449 1097 2500 in
1140 2447 1316 2515 Bezug
1364 2447 1457 2499 auf
1498 2449 1549 2521 *,
1595 2448 1683 2498 hat
1727 2447 2051 2500 mindestens
2100 2450 2203 2500 den
2251 2448 2391 2501 Grad
2424 2453 2476 2517 5.

371 2536 496 2587 Dies
544 2552 843 2588 zusammen
888 2536 982 2587 mit
1026 2535 1119 2587 der
1157 2535 1293 2588 oben
1328 2536 1655 2587 bewiesenen
1691 2534 1979 2586 Thatsache
2019 2536 2179 2604 zeigt,
2225 2536 2347 2588 dass
2385 2536 2477 2588 der

374 2623 513 2675 Grad
562 2624 653 2676 der
688 2625 1104 2692 Relativgruppe
1150 2639 1251 2674 von
1287 2623 1320 2672 *
1356 2624 1413 2674 in
1456 2624 1633 2691 Bezug
1678 2622 1769 2671 auf
1799 2621 1851 2694 „
1889 2622 2055 2688 gleich
2081 2625 2126 2688 /
2153 2624 2269 2694 sein
2315 2639 2476 2687 muss,

373 2712 549 2762 womit
605 2712 715 2763 sich
769 2711 852 2763 für
907 2711 1009 2762 den
1062 2711 1418 2777 gegenwärtig
1461 2709 1818 2761 betrachteten
1861 2709 2187 2768 besonderen
2233 2709 2347 2761 Fall
2395 2709 2476 2761 die

372 2800 616 2868 Aussage
656 2801 745 2851 des
785 2799 961 2851 Satzes
992 2797 1088 2850 125
1126 2797 1297 2851 deckt.

370 2887 425 2937 Z.
453 2888 482 2939 6
520 2904 568 2938 v.
594 2904 645 2938 u.
682 2904 734 2939 u.
762 2903 802 2939 s.
852 2881 927 2951 f.
947 2886 1123 2938 Wenn
1167 2887 1224 2937 in
1277 2885 1445 2937 einem
1500 2884 1798 2951 beliebigen
1841 2881 2044 2949 Körper
2079 2883 2112 2931 &
2148 2883 2235 2934 ein
2279 2882 2424 2935 Ideal
2459 2883 2478 2950 j

373 2976 485 3026 und
531 2975 656 3026 zwei
701 2975 1026 3041 gebrochene
1072 2973 1270 3024 Zahlen
1319 2991 1368 3036 a,
1403 2977 1438 3036 f
1483 2971 1749 3039 vorgelegt
1794 2970 1936 3032 sind,
1987 2984 2043 3020 so
2082 2970 2180 3021 soll
2220 2970 2304 3021 die
2343 2970 2476 3023 Con-

376 3078 571 3131 gruenz
617 3081 641 3111 a
661 3067 782 3126 g
834 3062 966 3114 nach
1002 3060 1022 3128 j
1059 3061 1312 3128 besagen,
1369 3058 1492 3111 dass
1539 3074 1594 3109 es
1640 3059 1695 3108 in
1731 3058 1762 3106 &
1808 3057 1924 3108 eine
1970 3073 2033 3107 zu
2077 3055 2096 3123 j
2141 3057 2305 3124 prime
2352 3057 2479 3108 Zahl

374 3170 419 3219 u
457 3151 621 3218 giebt,
655 3150 739 3202 für
780 3149 972 3201 welche
1015 3167 1121 3216 Aa,
1144 3153 1230 3216 f
1273 3162 1435 3214 ganze
1469 3146 1667 3198 Zahlen
1698 3146 1754 3196 in
1779 3145 1811 3194 &
1848 3144 2053 3196 werden
2090 3143 2196 3196 und
2234 3144 2478 3197 überdies

377 3238 462 3290 die
501 3237 810 3306 Congruenz
859 3256 888 3304 u
973 3246 1008 3291 =
1054 3240 1109 3303 ,
1157 3235 1290 3287 nach
1297 3233 1332 3306 j
1381 3233 1494 3302 gilt.

376 3327 518 3379 Zeile
573 3325 588 3377 3
619 3355 645 3363 —
679 3326 728 3377 6.
801 3324 941 3377 Statt
974 3329 1007 3388 8
1045 3326 1186 3375 setze
1223 3321 1422 3373 überall
1458 3319 1503 3374 b.

376 3415 520 3466 Zeile
559 3414 608 3465 3.
681 3413 815 3464 Statt
875 3412 1019 3474 „eine
1076 3425 1238 3477 ganze
1285 3408 1413 3460 Zahl
1469 3408 1594 3461 oder
1648 3408 1734 3459 ein
1783 3406 2066 3474 beliebiges
2115 3405 2288 3464 Ideal“
2339 3409 2478 3457 setze

383 3502 500 3564 „ein
537 3500 825 3567 beliebiges
864 3515 927 3550 zu
962 3496 981 3551 Il
1017 3498 1210 3564 primes
1247 3495 1441 3548 Ideal“.
