2752 4775
313 1386 932 1501 Druckfehler,
998 1384 1758 1502 Berichtigungen
1818 1384 2008 1481 und
2068 1384 2458 1482 Zusätze.

190 1698 243 2010 2
190 1800 243 1847 N
190 1698 243 1760 N

191 2416 245 2467 S.
282 2413 396 2466 192.

192 2590 244 2642 S.
274 2589 392 2641 200.

196 2941 248 2992 S.
276 2941 392 2993 204.

233 1697 390 1748 177.

231 1783 387 1836 180.

234 1871 391 1922 182.

277 1957 392 2011 185.

475 1697 531 1748 Z.
561 1695 592 1746 3
631 1713 676 1746 v.
715 1712 766 1745 u.
842 1693 981 1745 Statt
1021 1679 1231 1757 „diese“
1273 1692 1397 1744 lies:
1439 1693 1592 1757 „eine
1632 1692 1860 1744 solche“.

471 1784 529 1834 Z.
560 1783 639 1834 14.
714 1782 853 1835 Statt
894 1780 1305 1843 „bestimmende
1345 1780 1502 1832 Zahl“
1545 1781 1671 1832 lies:
1715 1779 2124 1842 „bestimmende
2165 1795 2329 1847 ganze
2369 1781 2548 1832 Zahl“.

474 1871 529 1921 Z.
558 1869 607 1922 5.
681 1869 826 1937 Füge
866 1870 953 1920 ein
995 1866 1285 1935 „Kummer
1302 1870 1338 1916 5,
1358 1866 1459 1934 6].

472 1959 528 2009 Z.
559 1958 639 2009 11.
713 1957 833 2008 Man
871 1957 963 2007 hat
999 1956 1228 2007 nämlich
1277 1955 1382 2006 den
1420 1954 1685 2007 Hülfssatz
1714 1952 1745 2004 2
1784 1954 1874 2005 auf
1921 1953 2226 2023 diejenigen
2264 1955 2390 2005 zwei
2428 1955 2600 2007 Func-

472 2048 656 2097 tionen
693 2045 784 2096 der
821 2045 977 2097 einen
1002 2043 1455 2095 Veränderlichen
1492 2061 1525 2091 4
1562 2043 1935 2106 anzuwenden,
1974 2041 2166 2093 welche
2206 2059 2302 2094 aus
2329 2043 2378 2091 F
2410 2044 2522 2096 und
2551 2041 2599 2091 R

477 2133 770 2194 entstehen,
809 2147 964 2183 wenn
1002 2146 1125 2183 man
1164 2130 1313 2182 darin

1163 2220 1255 2298 ＋1

1530 2215 1700 2266 (I)
2205 2215 2257 2267 (
2365 2204 2461 2241 r-1

637 2255 690 2309 ui
743 2258 763 2279 =
797 2254 848 2302 r,
920 2254 975 2310 u
1000 2257 1068 2278 =
1087 2229 1159 2285 4

470 2327 712 2377 einsetzt.

477 2414 534 2464 Z.
562 2413 611 2462 9.
685 2411 830 2480 Füge
868 2413 1054 2462 hinzu:
1107 2415 1554 2479 „vorausgesetzt,
1606 2411 1728 2462 dass
1769 2422 1800 2463 a
1846 2409 1956 2461 und
1993 2408 2022 2462 b
2063 2425 2126 2459 zu
2172 2408 2428 2461 einander
2468 2413 2602 2477 prim

475 2500 648 2552 sind“.
1569 2524 1575 2534 a

475 2589 532 2640 Z.
560 2587 697 2639 7—5
734 2604 780 2638 v.
821 2604 874 2638 u.
946 2585 1227 2638 Inwiefern
1268 2584 1445 2637 Ideale
1504 2586 1650 2637 eines
1699 2585 1932 2651 Körpers
1970 2585 2002 2633 &
2055 2583 2297 2650 zugleich
2343 2585 2476 2635 auch
2522 2586 2601 2637 als

473 2675 655 2730 Ideale
708 2675 854 2727 eines
903 2673 1138 2725 höheren
1183 2672 1418 2740 Körpers
1466 2671 1758 2741 aufgefasst
1807 2673 2016 2725 werden
2064 2673 2294 2736 können,
2342 2672 2467 2723 wird
2515 2674 2609 2724 auf

471 2763 522 2816 S.
551 2762 655 2815 204
693 2763 746 2813 Z.
792 2761 890 2813 12—
921 2760 981 2812 19
1022 2759 1603 2829 auseinandergesetzt.
1676 2760 1798 2829 Vgl.
1835 2759 2084 2812 überdies
2120 2760 2222 2812 den
2262 2760 2377 2812 hier
2400 2760 2602 2829 folgen-

476 2852 582 2903 den
621 2851 812 2928 Zusatz
851 2866 915 2900 zu
954 2848 1005 2900 S.
1035 2847 1155 2900 204.

477 2940 533 2990 Z.
583 2935 681 3005 12—
709 2935 824 3005 19.
869 2937 1002 2988 Dass
1045 2936 1137 2988 wir
1183 2936 1479 3005 berechtigt
1524 2936 1661 3000 sind,
1708 2938 1866 2987 unter
1911 2935 2016 2987 den
2063 2936 2444 3004 angegebenen
2481 2936 2601 2988 Um-

475 3026 704 3079 ständen
741 3024 844 3099 (c
803 3022 868 3099 1.
884 3062 897 3075 .
919 3063 932 3075 .
953 3062 993 3086 .,
1031 3026 1107 3097 d,)
1147 3023 1386 3092 zugleich
1413 3023 1490 3077 als
1527 3024 1615 3078 ein
1639 3023 1784 3075 Ideal
1816 3023 1874 3075 in
1964 3023 2073 3074 und
2108 3023 2164 3074 in
2213 3022 2242 3072 K
2285 3023 2604 3086 anzusehen,

474 3115 613 3166 lehrt
663 3114 751 3164 der
789 3112 1039 3181 folgende
1081 3110 1226 3164 Satz:
1283 3110 1462 3163 Wenn
1501 3130 1577 3184 41,
1623 3149 1630 3162 .
1652 3149 1660 3162 .
1688 3149 1725 3172 .,
1765 3129 1819 3186 a
1863 3111 1974 3162 und
2013 3109 2110 3182 df.
2150 3149 2196 3162 .
2221 3149 2259 3174 .,
2298 3109 2375 3183 a
2438 3126 2604 3179 ganze

475 3201 673 3254 Zahlen
709 3201 765 3251 in
801 3201 834 3250 *
873 3199 1009 3262 sind,
1059 3215 1118 3251 so
1158 3199 1280 3250 dass
1316 3196 1384 3266 in
1435 3199 1465 3249 K
1516 3200 1599 3251 die
1646 3199 1836 3251 beiden
1873 3198 2052 3251 Ideale
2109 3196 2197 3262 I=
2243 3202 2340 3273 (a,
2385 3238 2391 3249 .
2448 3236 2487 3261 .,
2531 3201 2604 3275 d.

472 3291 585 3342 und
642 3286 706 3353 J“
736 3312 773 3332 =
813 3286 943 3363 (ar,
985 3327 996 3338 .
1019 3326 1027 3338 .
1054 3327 1091 3353 .,
1133 3290 1241 3363 ag)
1291 3288 1385 3340 mit
1433 3287 1688 3339 einander
1724 3287 2207 3352 übereinstimmen,
2255 3302 2312 3340 so
2360 3288 2605 3340 stimmen

478 3379 609 3431 auch
637 3377 695 3429 in
730 3379 761 3427 &
800 3378 885 3430 die
911 3376 1107 3429 beiden
1132 3376 1309 3429 Ideale
1354 3375 1367 3444 j
1412 3399 1442 3420 =
1475 3376 1575 3451 (a,
1662 3416 1666 3428 .
1690 3415 1699 3426 .
1715 3414 1729 3426 .
1767 3376 1843 3451 0)
1881 3376 1992 3428 und
2028 3372 2080 3451 j.
2116 3397 2139 3418 =
2179 3374 2303 3447 (af,
2412 3415 2450 3441 ,
2489 3377 2605 3451 ag)

472 3468 571 3518 mit
608 3465 864 3517 einander
900 3463 1138 3515 überein.
1212 3462 1275 3514 In
1322 3463 1416 3516 der
1462 3463 1614 3527 That,
1653 3480 1838 3533 wegen
1886 3464 1981 3515 der
2018 3463 2452 3532 Voraussetzung
2488 3465 2603 3533 gilt,

475 3569 630 3606 wenn
672 3550 737 3602 a“
773 3552 892 3605 eine
931 3551 1023 3603 der
1059 3550 1260 3603 Zahlen
1299 3551 1394 3626 af,
1441 3592 1447 3603 .
1471 3590 1482 3601 .
1506 3590 1516 3603 .,
1585 3552 1661 3625 at
1705 3552 1976 3618 bedeutet,
2017 3551 2133 3604 eine
2169 3551 2465 3620 Gleichung
2501 3569 2607 3606 von

476 3642 573 3694 der
610 3640 814 3694 Gestalt
861 3637 1009 3691 à*
965 3637 994 3716 =
1035 3644 1598 3716 Aid.
1378 3637 1408 3716 ＋
1436 3637 1502 3716 A,
1559 3637 1618 3716 ,
1647 3656 1722 3693 WO
1760 3643 1863 3715 AI,
1903 3679 1915 3692 .
1939 3679 1951 3691 .
1975 3679 2014 3708 .
2051 3644 2124 3714 d,
2170 3642 2393 3709 gewisse
2439 3656 2605 3708 ganze

475 3729 676 3781 Zahlen
721 3728 778 3779 in
814 3728 874 3778 K
916 3727 1054 3780 sind.
1130 3727 1308 3780 Wenn
1354 3728 1448 3780 wir
1494 3745 1607 3781 nun
1652 3744 1756 3781 von
1792 3727 1985 3781 beiden
2023 3728 2203 3781 Seiten
2250 3728 2423 3780 dieser
2461 3724 2605 3779 Glei-

477 3818 655 3885 chung
708 3816 791 3868 die
830 3816 1187 3869 Relativnorm
1234 3816 1436 3880 bilden,
1486 3833 1544 3870 so
1590 3817 1860 3869 erkennen
1898 3817 2007 3882 wir,
2058 3817 2177 3869 dass
2223 3817 2294 3867 im
2333 3814 2539 3883 Körper
2576 3815 2608 3864 *

475 3906 562 3957 die
591 3903 721 3957 Zahl
759 3886 846 3955 a
895 3903 1059 3955 durch
1094 3897 1140 3973 j
1184 3904 1377 3957 teilbar
1417 3905 1532 3958 sein
1569 3920 1741 3969 muss;
1780 3904 2178 3974 infolgedessen
2213 3904 2287 3956 ist
2312 3903 2369 3955 in
2404 3904 2436 3952 ꝶ
2474 3903 2607 3956 auch

479 3991 541 4043 *
582 3992 744 4044 durch
779 3990 800 4059 j
836 3990 949 4044 und
989 3991 1153 4044 daher
1179 3992 1311 4044 auch
1348 3990 1397 4060 j“
1436 3993 1596 4045 durch
1633 3992 1651 4059 j
1688 3992 1895 4045 teilbar.
1967 3993 2048 4045 Da
2073 3994 2130 4045 in
2167 3992 2399 4061 gleicher
2423 3992 2606 4057 Weise

482 4081 577 4133 das
618 4078 971 4147 Umgekehrte
1010 4080 1222 4148 gezeigt
1257 4080 1469 4133 werden
1506 4079 1666 4145 kann,
1705 4097 1763 4133 so
1802 4081 1975 4133 haben
2011 4081 2105 4133 wir
2139 4078 2447 4148 notwendig
2483 4079 2541 4131 in
2577 4081 2610 4130 *

482 4170 567 4222 die
607 4167 907 4236 Gleichung
943 4165 959 4233 j
1011 4188 1039 4209 =
1068 4164 1133 4233 jk.

475 4257 531 4309 Z.
570 4252 677 4329 12—
705 4252 781 4306 13.
859 4255 1018 4307 Statt:
1063 4255 1151 4319 „in
1182 4255 1425 4308 welchem
1462 4276 1523 4329 11.
1564 4294 1576 4307 .
1598 4295 1611 4308 .
1634 4295 1672 4324 .,
1712 4276 1772 4329 ½
1817 4256 1902 4309 die
1928 4255 2082 4310 Basis
2119 4255 2265 4309 eines
2293 4254 2608 4323 Ringideals

483 4344 696 4400 bilden“
737 4343 863 4398 lies:
922 4342 1012 4409 „in
1059 4342 1322 4408 welchem,
1379 4359 1532 4398 wenn
1568 4345 1617 4395 4
1674 4346 1791 4398 eine
1838 4345 2087 4416 geeignet
2140 4343 2399 4414 gewählte
2445 4359 2609 4414 ganze

1330 2252 1386 2308 13
1432 2256 1460 2277 =
1495 2253 1527 2284 N
2009 2252 2064 2305 *.
2111 2256 2138 2276 =
