2744 4775
187 1808 209 1835 e

534 1609 1202 1710 Verzeichnis
1272 1611 1449 1707 der
1515 1611 2122 1710 Litteratur.

246 1799 389 1837 hinter
419 1799 540 1846 jeder
576 1799 795 1836 einzelnen
827 1799 1110 1848 Abhandlung
1147 1802 1193 1838 in
1230 1800 1402 1846 eckiger
1430 1798 1652 1836 Klammer
1686 1797 1953 1845 beigefügten
1985 1800 2140 1837 Zahlen
2180 1801 2438 1842 bezeichnen
2469 1803 2537 1839 die

586 1867 728 1907 Seiten
757 1868 828 1905 des
858 1868 1094 1915 Berichtes,
1130 1870 1205 1907 auf
1231 1869 1364 1907 denen
1394 1868 1465 1905 die
1495 1867 1774 1915 Abhandlung
1801 1873 1984 1914 genannt
2010 1869 2077 1908 ist.

1151 2033 1218 2086 N.
1255 2034 1318 2085 H.
1357 2032 1533 2084 Abel.

198 2176 208 2187 .
248 2138 479 2189 Extraits
518 2138 583 2189 de
624 2137 875 2204 quelques
915 2138 1096 2191 lettres
1156 2140 1166 2190 à
1202 2138 1476 2190 Holmboe.
1552 2137 1762 2189 Werke.
1836 2137 1991 2190 Bd.
1967 2137 1993 2204 2
2031 2139 2083 2190 S.
2110 2138 2227 2190 254.
2301 2139 2453 2202 [517]

1169 2295 1228 2346 F.
1265 2294 1493 2346 Arndt.

197 2397 658 2466 Bemerkungen
712 2397 843 2449 über
901 2398 986 2449 die
1024 2398 1420 2467 Verwandlung
1475 2399 1568 2449 der
1613 2398 1958 2450 irrationalen
2008 2399 2438 2462 Quadratwurzel
2487 2399 2542 2449 in

247 2487 406 2538 einen
442 2486 821 2538 Kettenbruch.
898 2485 1085 2538 Journ.
1111 2486 1195 2537 für
1231 2486 1388 2540 Math.
1424 2486 1523 2537 Bd.
1550 2485 1633 2536 31.
1712 2486 1862 2538 1846.
1934 2486 2087 2554 [285]

1090 2641 1147 2694 P.
1185 2642 1573 2695 Bachmann.

250 3009 473 3077 Leipzig
512 3008 664 3060 1872.
737 3008 889 3077 [334

252 3535 903 3604 Inauguraldissertation.
977 3535 1225 3604 Marburg
1266 3536 1415 3588 1891.
1488 3536 1637 3600 [364]

1092 3692 1155 3744 A.
1193 3692 1254 3744 L.
1293 3692 1576 3761 Cauchy.

203 3837 215 3848 „
251 3794 497 3850 Mémoire
535 3813 627 3849 sur
664 3797 717 3848 la
753 3794 956 3849 théorie
999 3797 1092 3849 des
1128 3798 1393 3850 nombres.
1467 3797 1715 3865 Comptes
1752 3797 1968 3849 rendus.
2046 3797 2200 3849 1840.
2272 3796 2425 3862 [386]

202 3924 216 3937 .
251 3883 501 3939 Mémoire
555 3902 650 3937 sur
706 3885 941 3936 diverses
978 3886 1341 3953 propositions
1377 3885 1624 3938 relatives
1673 3887 1704 3937 à
1760 3887 1813 3937 la
1869 3882 2069 3937 théorie
2135 3885 2227 3936 des
2282 3887 2546 3939 nombres.

252 3974 400 4038 Drei
437 3972 652 4040 Noten.)
729 3972 980 4041 Comptes
1015 3974 1232 4025 rendus.
1311 3973 1460 4026 1847.
1534 3972 1686 4041 [517

1154 4132 1217 4183 A.
1255 4130 1515 4199 Cayley.

203 4235 444 4288 Tables
502 4235 596 4288 des
650 4237 841 4288 formes
883 4235 1259 4304 quadratiques
1314 4237 1546 4289 binaires
1594 4251 1727 4303 pour
1771 4235 1849 4289 les
1900 4234 2280 4289 déterminants
2318 4234 2547 4306 négatifs

253 4324 443 4393 dépuis
525 4325 543 4375 D
604 4347 618 4368 =
658 4327 761 4376 -I
806 4323 1022 4393 jusqu'à
1069 4324 1207 4375 B=
1231 4324 1433 4388 100,
1481 4340 1617 4393 pour
1653 4325 1732 4376 les
1772 4322 2154 4377 déterminants
2193 4323 2404 4392 positifs
2443 4340 2550 4377 non

166 2747 211 2796 1.
250 2746 357 2797 Zur
408 2745 635 2798 Theorie
690 2745 783 2798 der
835 2746 1145 2814 complexen
1200 2746 1413 2799 Zahlen.
1503 2747 1689 2799 Journ.
1735 2745 1820 2797 für
1873 2746 2030 2799 Math.
2084 2746 2179 2798 Bd.
2227 2747 2310 2800 67.
2391 2747 2541 2799 1867.

251 2832 399 2901 [321,
434 2832 560 2900 390]

162 2922 212 2974 2.
248 2922 350 2973 Die
385 2921 551 2973 Lehre
591 2937 697 2974 von
735 2921 830 2973 der
860 2922 1226 2991 Kreisteilung
1262 2923 1372 2975 und
1409 2923 1523 2975 ihre
1571 2922 1948 2991 Beziehungen
1987 2939 2080 2974 zur
2121 2921 2542 2975 Zahlentheorie.

163 3096 211 3149 3.
249 3097 568 3166 Ergänzung
614 3099 762 3150 einer
796 3097 1213 3166 Untersuchung
1259 3115 1361 3151 von
1397 3098 1668 3151 Dirichlet.
1740 3097 1900 3150 Math.
1926 3096 2067 3151 Ann.
2110 3098 2205 3150 Bd.
2236 3098 2315 3149 16.
2396 3097 2545 3150 1880.

250 3183 401 3253 [321]

1042 3343 1103 3394 H.
1141 3342 1622 3396 Berkenbusch.

167 3448 212 3499 1.
251 3448 426 3500 Ueber
480 3447 565 3497 die
623 3462 719 3498 aus
776 3446 879 3498 den
934 3446 1069 3499 Sten
1108 3448 1361 3499 Wurzeln
1417 3448 1511 3500 der
1554 3448 1770 3499 Einheit
1826 3448 2280 3516 entspringenden
2328 3450 2544 3502 Zahlen.
