1021 1647
246 89 933 157 Suſſer got nach dein gnadẽ ſtet meĩ
248 146 933 207 begir end eimen engel auß dem hymel
114 195 933 258 her zu mir. das ich ein buch mit inteit ge⸗
115 245 933 310 mache dir. das ich von deinem angeſicht.
115 293 679 356 mug ſprechen vnde ſingen.
112 338 933 406 ¶ Wie das von Jeruſalem hyn gen Kome
111 392 933 451 kam. vñ auch dem krãcken Keyſir ſchwere
111 443 933 507 ſeuchẽ nam. Fronica alſo kund ich euch des
111 490 933 557 buches ſtam ann gottes hylff vermach ich
111 542 832 602 nicht. das wirdtr buch volbringen.
111 584 933 658 Jn gottes namẽ ichs den leutẽ kunde Jn
110 639 933 708 gotes ere ſo heb ichs die lieder an. wer ſie nũ
110 690 933 756 hoͤrt mit innigkeyt weib ader man. den mag
110 737 933 807 deſſelbẽ tages nym̃er leyd beſtan. habes zu
112 786 933 857 got dem herrẽ pflicht vnd leben ane ſunde.
112 837 933 907 Die deinẽ guͤt die bit ich du vil zarter got
113 889 933 953 verleich mir herr ein klugen ſyn vnd weyſen
112 936 933 1003 Rat. das ich dich muͤg geloben gor frue vñ
110 990 933 1055 ſpat. vñ das ich auch dein antlitz herr.mit
109 1043 653 1105 freuden muͤg anſchawen.
109 1080 933 1153 ¶ O herr dein guͤt erzeigeſt vns gar manig⸗
107 1134 932 1208 falt. darumb ſoll wir dich loben beyde tung
108 1182 932 1249 vnd alt. das du vns herr auff erden hie lieſt
109 1228 932 1312 deyn geſtalt. vnnd die beleyb in groſſer ere.
