1122 1493
100 129 942 191 Jeſus: vñ als offt ein ſpꝛung ein kꝛun die fiie
97 179 942 242 len noch huet Bp edem brun iſt. ccc.tag ab
95 226 849 292 las.vñ n cer Rirchen iſt.c.tag ablas.
99 277 942 340 U nner lieben fra wc zu der botſchafft
96 318 942 391 die lt hin vſʒ als mã zu ſant Sebaſtian
88 379 942 441 get. da iſt vergebũg aller ſũde. welches men
88 429 942 491 ſche da in bilgers vyſe komet. Es ltet auch
88 478 942 538 ein crutʒ zwilchẽ der kirch vñ ſant Sebaſtiã
86 521 903 591 da wurdẽ die.x. tuſent ritter rſchlagen.
197 577 942 643 Omine quo vadis. By der ſelben capel
210 628 942 689 da begegnet ſant Peter vnſerẽ herren
80 678 942 743 vn trug ein crutʒ da ſant peter volt geflogẽ
77 723 942 787 fin võ Rom vñ foicht die marter. da Petrus
79 775 942 839 eſũ dẽ herrẽ ſach da ſpꝛacb er zu im: Herre
80 827 942 891 vo viltu hin. Jeſus ſpꝛach: ich wil gen Rom
79 875 942 941 vn wil mich noch eins laſſen ct utigen. Pe-
77 925 942 989 trus ſpꝛach. Her du haſt geſpꝛochen du ko
77 977 942 1041 meſt nit mer off die erde. Jeſns ſprach ſchau
77 1023 942 1085 wo vff ich ſtan. d a ſach Petrus das der her
77 1070 942 1141 re ſtũt vff eim ſtein:vñ hat da in getrettẽ als
77 1122 942 1188 wer der ſtein ein ſchne vñ verſwant. Petrus
77 1174 942 1242 ging vider gen Rome vnd leyd die marter
77 1223 903 1291 williglich. Da iſt.ccc.iar ablas alle tage.
