2091 2951
309 324 312 336 |
696 329 776 381 108
1055 315 1246 375 Erfeatte
1274 313 1370 379 dich
1391 315 1517 385 felber
1536 321 1558 378 )
2029 307 2032 387 |

296 417 300 423 |
691 399 766 442 XI.
858 395 957 446 Das
971 394 1095 455 Adamı
1108 404 1175 440 mit
1189 395 1297 447 feiner
1310 395 1441 444 Natur
1455 402 1469 448 /
1490 399 1745 458 Eigenfehaffe
1758 410 1775 459 /
1793 415 1864 451 of:
2029 425 2031 430 |

689 464 742 500 ter
754 461 833 500 dem
847 457 969 508 bier
981 453 1119 507 Kreiffe
1136 455 1341 502 Wandele/
1361 457 1468 509 durch
1490 463 1541 502 die
1550 461 1634 504 Alte
1647 461 1802 510 Seburt
1813 477 1865 510 im

686 513 922 567 pnglauben/
937 509 1063 557 Band
1076 518 1143 554 das
1153 511 1281 567 Yefus
1293 511 1463 569 Chrifkus
1476 526 1546 561 mit
1556 518 1668 570 feiner
1679 520 1750 566 Art
1763 534 1866 574 /.we-

691 573 750 633 fen
763 575 834 613 vnd
847 569 1105 623 SEigenfchafft
1115 571 1201 615 ober
1222 569 1293 633 dem
1300 570 1531 624 Sırmament
1550 584 1563 628 /
1590 577 1625 621 in
1645 582 1708 621 den
1725 579 1866 628 Dbern

693 628 899 728 em
915 632 982 673 das
991 627 1027 685 ft
1039 636 1052 682 /
1068 631 1121 675 im
1136 628 1307 686 Himmel
1319 630 1505 679 Wandele
1519 636 1601 684 /als
1613 637 1662 680 die
1675 637 1796 685 Newe
1806 653 1873 696 gez

720 695 797 730 Ufe.

690 746 793 787 XIL
855 742 954 794 Das
965 746 1017 790 ein
1028 746 1164 802 groffer
1172 749 1387 801 onterfcheid
1397 749 1452 806 fen
1460 750 1633 805 3wifchen
1653 755 1713 797 der
1728 754 1867 799 Altroz

685 805 833 845 nomia
844 809 915 848 vnd
926 804 1178 861 Theologia,
1187 811 1259 848 vnd
1271 808 1356 858 doch
1370 808 1474 862 bende
1483 809 1672 865 beyfamen
1685 812 1754 864 fein
1764 814 1864 867 müf-

683 860 758 913 fen.
818 860 1194 919 Theologiaveraift
1205 861 1376 918 Ehrikus
1392 864 1731 918 Sefus/Sottvnd
1743 869 1867 918 Nenz

689 918 766 983 {che
780 930 791 962 :
802 918 1033 978 Altrologia
1047 934 1136 962 vera
1147 921 1185 974 ift
1194 920 1433 965 Ndamanter
1453 928 1533 966 dem
1555 924 1743 970 Zodiaco
1764 927 1866 983 ra
2021 940 2024 953 |

689 977 780 1030 difch
794 981 807 1026 /
820 983 891 1023 und
900 978 1074 1022 darncben
1087 979 1273 1031 Himlifch
1291 985 1307 1032 /
1316 981 1390 1024 wie
1403 977 1573 1036 Chriflus
1596 982 1860 1041 MNenfchlich/

684 1040 763 1079 and
773 1038 859 1088 doch
879 1036 1054 1079 darneben
1080 1034 1266 1088 Sotrlich.

690 1094 825 1137 XII
940 1092 1040 1141 Das
1053 1093 1125 1137 eine
1136 1092 1323 1150 Zwifache
1343 1094 1499 1143 Geburt
1525 1097 1714 1156 beyfamen
1726 1101 1804 1157 fen
1793 1092 1803 1157 /
1815 1103 1866 1148 die

689 1148 776 1194 Alte
786 1151 860 1207 auß
869 1154 949 1195 dem
960 1152 1078 1193 Limo
1090 1164 1219 1200 terra,
1232 1154 1444 1207 vndiftdoch
1457 1163 1574 1201 etwas
1583 1158 1693 1214 höher
1707 1165 1722 1211 /
1735 1161 1794 1204 als
1806 1165 1867 1207 der

689 1207 949 1251 Limusterrae
961 1223 973 1252 ;
987 1208 1171 1262 arnach
1184 1212 1235 1252 die
1250 1210 1371 1257 Neive
1385 1212 1539 1260 Geburt
1550 1226 1621 1259 aus
1637 1222 1719 1261 dem
1741 1219 1862 1263 Limo

690 1266 1010 1316 Coelorum
920 1266 935 1333 ,
948 1266 1010 1333 das
1020 1267 1057 1322 ift
1075 1274 1084 1318 /
1097 1278 1170 1311 aus
1184 1267 1353 1323 Chrifto
1346 1266 1361 1333 /
1368 1274 1451 1314 dem
1474 1272 1635 1319 Weibes
1668 1275 1830 1322 Samen
1842 1286 1858 1333 /

689 1326 822 1376 welche
835 1325 1044 1379 Herrfchen
1059 1326 1212 1378 Tolwber
1222 1327 1275 1370 die
1284 1327 1369 1372 Alte
1393 1329 1561 1376 Geburt.

684 1383 808 1428 XIV.
922 1381 1101 1430 Dasfein
1112 1383 1243 1437 höhere
1254 1390 1268 1436 /
1280 1388 1545 1439 notwendigere
1556 1387 1680 1445 Kunft
1693 1393 1747 1448 fey
1759 1392 1864 1438 indes

692 1440 834 1490 Welt
824 1440 841 1500 /
865 1441 955 1491 nach
976 1444 1037 1483 der
1060 1441 1295 1496 Theologia
1313 1472 1326 1490 ,
1342 1445 1408 1486 als
1434 1444 1709 1490 Altronomia.
1742 1440 1759 1500 .
1768 1449 1866 1500 Den

697 1498 807 1549 durch
820 1496 1006 1549 fiefennen
1024 1497 1092 1540 wir
1116 1502 1180 1542 den
1209 1495 1382 1552 Falfchen
1408 1505 1655 1557 vnndxechten
1678 1507 1861 1552 Theolos

688 1566 810 1610 gum:
827 1553 947 1602 Denn
962 1555 1146 1598 dextrum
1164 1559 1261 1600 vund
1277 1558 1483 1601 Sinitrum
1501 1563 1671 1619 Magum
1687 1595 1697 1613 ,
1712 1565 1810 1614 Das
1824 1570 1863 1625 if

687 1618 752 1655 den
767 1611 956 1675 Zeuberer
975 1625 989 1655 :
1004 1613 1105 1669 Den
1119 1613 1226 1669 Seil
1307 1617 1598 1668 GSOTITES
1632 1629 1647 1675 /
1679 1630 1776 1670 onnd
1795 1631 1861 1674 den

688 1669 797 1725 eift
809 1675 868 1715 der
886 1670 1015 1716 Welt.

681 1729 779 1770 XV.
893 1727 993 1778 Das
1011 1728 1243 1787 Theologia
1264 1736 1367 1775 wnnd
1391 1732 1623 1792 Aftrologia
1632 1739 1781 1791 gebehte
1792 1745 1858 1788 den

680 1787 821 1839 fechten
858 1788 1019 1843 Magum,
1041 1786 1323 1853 Philofophum
1351 1820 1363 1839 ,
1385 1792 1619 1844 Medicum
1599 1786 1619 1853 ,
1635 1803 1705 1840 /efe.
1720 1787 1859 1853 Erdffz

681 1854 749 1887 nen
760 1845 850 1896 auch
870 1850 996 1889 andere
1012 1846 1261 1896 Facultares,
1275 1850 1367 1901 auch
1394 1848 1561 1906 Künfte
1551 1845 1569 1908 /
1578 1855 1826 1906 Syandiwercke
1838 1864 1854 1908 /

681 1902 892 1955 Sprachen
912 1912 924 1955 /
945 1902 1135 1952 Empter/
1148 1903 1310 1949 Stände
1331 1913 1345 1957 /
1371 1906 1508 1954 Drden
1529 1916 1544 1960 /
1579 1912 1827 1969 Handierung
1840 1921 1856 1965 /

684 1959 871 2005 ewmwerbe
882 1963 968 2004 aller
981 1960 1189 2014 DMenfchen
1202 1968 1215 2011 /
1228 1963 1274 2018 fie
1289 1964 1378 2017 Feind
1392 1968 1471 2023 weß
1480 1966 1621 2021 andes
1638 1976 1645 2021 /
1659 1970 1849 2020 Wirdens

685 2022 758 2058 nd
770 2020 907 2075 mwefens
928 2017 975 2071 fie
992 2020 1135 2063 wollen.

684 2075 809 2119 XVII,
924 2075 1023 2129 Das
1040 2078 1091 2122 die
1108 2076 1222 2128 Welt
1239 2079 1291 2127 ein
1308 2080 1431 2130 Adam
1449 2085 1592 2130 worden
1606 2083 1663 2143 fon
1677 2088 1693 2135 /
1705 2088 1853 2142 onndiß

1763 2147 1851 2200 doch

399 2590 567 2642 Herzog
582 2587 749 2639 August
770 2580 1007 2624 Bibliothek
1023 2574 1324 2620 Wolfenbüttel

400 2663 896 2745 UT)
930 2664 1004 2712 Gray
1020 2652 1103 2749 Scale
1141 2652 1215 2749 A
1281 2656 1296 2737 ]

394 2757 414 2789 0
515 2755 527 2786 1
637 2752 658 2784 2
762 2750 782 2782 3
