1584 2320
146 203 217 289 das
232 203 405 289 gemecht
417 219 559 277 damit
573 218 788 277 geweſchen
804 225 1039 285 benimpt
997 203 1042 289 dz
1056 235 1221 291 ragen

950 288 1212 346 Betonica.

147 264 210 331 der
232 264 414 331 gemecht.
715 324 889 332 5

384 336 493 382 Wer
502 329 1000 397 hubſch
665 329 729 397 har
753 329 855 397 woͤll
873 329 1051 397 haben.

146 376 281 534 f
291 385 415 433 trick
420 391 521 435 wein
529 392 586 433 ab
594 392 770 443 betonen
779 390 823 444 ſo
831 397 941 445 würt
947 398 1013 448 dir
1021 403 1090 446 ein
1092 399 1176 454 gůt

164 434 226 510 arb
243 434 396 499 ſpꝛichet
405 448 576 501 Plmius
596 446 723 500 wer
682 434 726 510 ſy
734 442 801 495 bey
834 456 864 499 m
895 453 1049 498 trag
1008 434 1067 510 de
1067 447 1248 510 mag

169 496 233 538 ein
240 497 420 552 zouberey
425 498 562 552 geſcha
581 505 644 545 den
657 529 660 541 ·
691 501 733 547 Es
750 500 796 558 iſt
805 498 911 555 auch
911 500 996 556 gůt
1005 496 1067 565 für
1087 496 1177 565 gift.

143 547 255 598 Vnd
265 566 339 597 wer
348 558 412 599 ein
422 500 544 617 bösen
553 562 711 608 magen
702 548 774 617 hat
777 552 909 610 leber
918 563 979 605 vñ
988 560 1099 613 miltz
1105 564 1175 611 der

145 614 253 660 mag
262 608 433 653 trincken
445 612 488 655 ab
501 611 606 657 dem
615 610 739 658 kraut
748 626 844 666 alſo
857 615 906 666 dz
913 615 992 667 dar
1017 614 1090 671 vnd
1114 665 1196 668 ge

142 662 290 712 miſcht
300 668 410 703 werd
420 675 552 714 wenig
560 665 672 720 eſſich
676 672 766 711 vnd
806 677 905 721 honig
910 669 983 727 diß
996 673 1174 731 alſoge⸗

142 710 304 758 trůcken
312 724 357 758 es
366 711 522 775 hilftꝛes
531 721 575 781 iſt
583 719 691 779 auch
702 710 762 790 gůt
772 722 944 781 denẽ
886 710 945 790 die
955 726 1052 777 blůt
1061 731 1173 790 ſpeyẽ

184 774 293 820 Wer
289 774 344 848 ein
371 774 440 848 gůt
467 786 507 831 ge
505 774 701 839 dechenüß
719 774 823 848 woͤll
842 774 939 848 han.
945 790 1196 848 Bugloſſa.

178 834 255 872 tem
266 842 349 871 wer
357 831 432 884 och
450 847 606 888 ſenzung
612 837 661 890 dz
670 838 797 886 kraut
805 841 978 900 beyſſt
951 837 986 900 in
988 849 1090 891 wein
1107 852 1171 893 vñ

165 883 317 937 arnoch
321 895 402 929 truickt
484 893 604 937 der
563 883 605 951 ge
609 900 718 935 wint
735 899 783 939 ein
815 883 905 951 gůte
914 896 1170 958 gedechtnüß

138 935 215 979 Es
225 938 355 993 ſterckt
368 935 451 1002 auch
469 935 533 1002 das
561 938 658 988 hertz
665 950 757 989 vnd
773 935 888 1002 macht
912 935 983 1002 gůt
996 949 1096 993 blůt
1101 959 1168 1000 vñ

137 983 259 1034 herlet
274 983 356 1056 auch
376 983 437 1056 das
457 983 559 1056 hertz
578 983 727 1056 geſperꝛ.
752 993 857 1044 Das
855 983 943 1056 ſaft
951 999 1167 1056 getrunckẽ

133 1047 211 1084 mit
221 1048 384 1087 warmẽ
394 1044 534 1103 waſſer
543 1041 640 1154 10
647 1045 714 1125 für
733 1052 770 1109 dz
843 1053 1008 1115 geſchwell
987 1045 1008 1125 ẽ
1017 1053 1044 1114 d
1053 1058 1145 1119 fůͤß.

374 1106 502 1154 Mas
509 1104 588 1153 den
627 1110 708 1165 durſt
715 1122 840 1162 nem.
944 1115 1164 1168 Borberts.

74 1186 212 1197 Item
257 1151 349 1222 neüß
387 1172 413 1214 pfer
430 1162 551 1216 ſich
563 1164 604 1216 ſo
612 1162 796 1218 benimpt
795 1151 829 1222 er
831 1166 936 1212 den
952 1167 1064 1224 durſt
1072 1174 1161 1224 vnd

112 1210 263 1264 ſterckt
269 1156 345 1276 22
584 1222 641 1261 die
650 1219 767 1263 leber.
785 1220 864 1278 Itẽ
882 1221 926 1270 da
932 1221 1018 1270 mit
1029 1225 1179 1285 geſch⸗

129 1268 258 1311 mirbt
264 1269 343 1315 den
354 1268 463 1341 bauch
487 1268 534 1341 der
563 1272 724 1333 frauwẽ
740 1277 839 1325 trißt
849 1284 906 1341 uß
912 1280 961 1338 dz
966 1286 1038 1332 tod
1048 1280 1161 1339 kindt

128 1321 238 1374 auch
243 1325 376 1380 macht
384 1329 426 1371 es
437 1331 651 1387 ſchwitzen.
670 1321 838 1397 Pferſich
859 1321 921 1397 mit
943 1321 1069 1397 waſſer
1090 1343 1157 1389 das

129 1377 212 1437 aft
235 1377 298 1452 auß
309 1385 493 1441 getruckt
501 1394 592 1436 vnd
598 1391 658 1436 da
667 1402 754 1434 von
764 1397 960 1448 morgens
973 1395 1170 1452 genoſſen

127 1428 174 1485 iſt
176 1438 256 1480 gůt
265 1440 390 1485 wider
397 1441 445 1493 dʒ
454 1441 586 1494 haubt
596 1459 676 1491 wee
687 1447 829 1505 ſpricht
835 1441 1093 1514 Platearius.

130 1527 134 1528 5
257 1491 343 1536 Fur
352 1496 400 1546 dz
411 1497 628 1550 ſchwidlen
643 1500 886 1557 imhaubr.
944 1505 1149 1564 Boꝛrago.

126 1542 206 1597 Itẽ
213 1545 353 1596 nim
306 1542 349 1619 dz
363 1550 447 1604 ſaſt
456 1562 543 1594 von
548 1556 596 1597 dẽ
604 1555 732 1599 kraut
740 1557 948 1604 boerich
901 1542 944 1619 vñ
958 1559 1151 1619 miſch
1160 1572 1162 1576 dz

124 1600 186 1671 gut
205 1600 335 1671 zucker
342 1604 438 1646 vnd
447 1604 597 1645 trincks
608 1610 659 1666 dz
669 1608 765 1662 hilft
773 1610 840 1665 für
846 1608 893 1656 dẽ
902 1610 1116 1671 ſchwin
1061 1600 1115 1671 del

121 1645 260 1718 haubt.
269 1656 360 1714 Die
368 1656 511 1707 blůmẽ
519 1654 594 1711 roh
594 1658 740 1717 geeſſen
758 1665 1145 1729 machent
946 1661 1012 1729 gůt
1036 1665 1164 1729 blůt.

125 1711 219 1764 Itez
226 1710 290 1764 leg
296 1718 359 1776 die
367 1715 536 1783 blůmen
544 1721 589 1764 in
597 1715 729 1769 baum
741 1722 786 1769 oͤl
794 1721 832 1792 vñ
827 1728 992 1788 ſtreich
994 1732 1043 1788 dz
1051 1721 1142 1834 5955

799 1823 801 1827 a
1101 1800 1136 1844 *
