1623 2304
31 99 38 121 3
20 42 40 94 —

189 204 371 261 klicher
380 209 555 268 ſollicher
565 211 684 269 künſt
687 213 775 254 vnd
785 212 939 269 artzney
952 204 1063 272 deſter
1082 204 1193 272 belder
1212 212 1251 271 be

439 364 441 367 a
578 321 1064 376 Abroetanum.
1181 374 1184 375 i

305 415 362 423 8
465 378 561 437 Alſo
585 378 694 438 ſoltu
716 384 779 424 den
795 385 914 429 magẽ
925 394 963 438 er
966 394 1153 438 wermen.

220 426 444 483 Abrotanũ
462 437 508 487 dz
517 438 565 494 iſt
568 435 761 494 ſtabwurtz
768 434 854 486 mit
859 438 1036 481 wein
973 428 1015 494 vñ
1040 438 1169 487 zucker
1181 446 1252 491 ge
1236 428 1252 494 ⸗

227 490 387 543 ſottẽvñ
395 491 606 542 getrunckẽ
616 485 758 540 macht
770 485 834 544 ein
859 485 983 544 warmẽ
1010 485 1106 544 magẽ
1127 485 1189 544 der
1207 491 1247 544 er

227 542 320 588 kalt
329 542 383 604 iſt
380 559 470 593 von
477 548 525 597 dẽ
536 546 711 603 ſchleun:
721 544 824 602 auch
831 543 976 604 ſeübert
986 554 1028 593 es
1031 544 1111 594 den
1118 544 1251 604 fra
1205 542 1251 604 wẽ

224 603 307 655 jren
315 600 435 657 fluſs.
441 607 507 649 vñ
511 599 719 658 ſtabwurtz
726 606 802 647 mit
818 599 905 658 wein
927 599 1117 658 getrunckẽ
1143 600 1247 654 bꝛigt

223 657 321 708 jnen
329 668 365 705 jr
371 666 467 702 zeyt.
492 653 550 708 Der
563 653 690 700 rauch
695 666 783 694 von
789 653 985 707 ſtabwurtz
991 658 1249 708 vertreibt
1190 653 1249 708 die

226 702 413 762 ſchlangẽ
426 703 558 764 ſpꝛicht
568 703 685 764 Dia
666 702 843 766 ſcorides.
870 705 954 766 Item
979 710 1030 754 ab
1039 705 1251 766 ſtabwurtz

218 762 453 812 getruncken
459 759 513 822 iſt
508 759 593 820 gůt
600 763 699 810 dem
694 759 752 822 der
754 763 946 822 gebiſſen
960 766 1008 822 iſt
1016 777 1105 818 von
1119 766 1251 822 veꝛgif

171 826 297 862 ten
306 829 453 872 tyeren.
463 817 577 868 Nim
587 816 689 878 war:
715 816 873 878 Auicẽna
897 818 1038 877 ſpꝛicht
1049 833 1117 878 wa
1134 832 1247 875 man

224 871 473 924 Stabwurtz
481 873 566 925 hyn
607 874 833 921 ſtrõuwet
756 871 775 933 /
791 871 827 933 da
842 877 967 923 bleibt
975 874 1063 920 kein
1070 877 1246 933 vergifts

222 927 433 985 tyer:dann
454 927 609 985 welches
630 927 669 985 da
697 930 819 971 bleibt
828 929 877 980 dz
882 930 1020 983 ſtirbt.
1048 931 1131 985 Itẽ
1142 928 1243 985 ſtab⸗

223 994 341 1033 wurtz
344 984 556 1035 gepuluert
565 982 626 1022 vñ
637 982 719 1024 mit
741 988 817 1032 wem
836 980 1080 1032 getruncken
1094 982 1243 1030 bꝛinget

221 1034 284 1079 den
302 1034 485 1092 ſtau
399 1032 461 1094 wen
494 1035 527 1090 jr
534 1037 610 1086 zeit
636 1032 819 1094 menſtruñ
843 1032 1014 1094 genant.
1068 1035 1147 1093 Itẽ
1172 1035 1242 1089 der

219 1087 342 1148 rauch
370 1101 441 1138 von
449 1088 703 1143 Stabwurtz
712 1094 913 1148 vertreibt
920 1092 988 1137 die
997 1089 1185 1147 ſchlangẽ
1193 1095 1242 1143 in

219 1144 312 1200 dem
319 1146 435 1204 hauß
444 1144 595 1204 ſpꝛicht.
622 1144 907 1204 Dyaſcoꝛides.
943 1145 1026 1197 Itẽ
1034 1144 1079 1204 oͤl
1103 1146 1140 1197 võ
1184 1146 1243 1199 ſtab

228 260 323 318 richt
328 273 439 322 werd
450 272 493 325 ſo
504 267 635 320 mercb
637 267 796 319 ordnũg
798 260 819 334 ð
842 271 935 316 titel
944 275 1006 321 vñ
1012 271 1086 334 des
1109 267 1154 322 A.
1156 270 1300 325 bc.

73 1196 343 1258 wurtz
362 1196 523 1258 gemacht
540 1205 630 1242 vnd
641 1204 697 1241 da
706 1205 783 1243 mit
802 1196 916 1258 vnder
942 1196 1016 1255 dem
1039 1197 1142 1255 nabel
1163 1206 1238 1250 ge
1271 1237 1274 1239 /

29 1254 402 1312 ſchminbt
420 1250 539 1312 macht
564 1250 736 1306 harnen
1047 1266 1218 1302 .

204 1344 248 1363 .
418 1345 421 1350 Dem
567 1308 648 1359 das
667 1309 739 1364 har
767 1299 835 1370 auß
866 1299 986 1370 fellt.

214 1398 276 1461 da
286 1435 370 1476 mit
375 1413 430 1483 das
467 1413 578 1483 haubt
596 1431 640 1472 ge
648 1419 819 1480 weſchen
824 1413 881 1483 iſt
898 1420 954 1473 gůt
963 1426 1082 1472 wider
1100 1423 1146 1483 dz
1155 1417 1237 1474 har

219 1474 792 1534 außfalten
452 1471 568 1534 genãt
592 1474 792 1534 Alopitia.
846 1479 940 1534 Itẽ
947 1472 1092 1529 geiſſen
1108 1471 1236 1520 klawẽ

213 1531 386 1581 gebꝛant
395 1531 437 1579 zů
446 1534 594 1582 puluer
599 1534 653 1584 dz
656 1532 844 1587 gemiſcht
853 1534 900 1583 iſt
911 1538 996 1577 mit
1005 1523 1141 1580 weichẽ
1149 1528 1239 1598 bech

154 1627 169 1643 iſt
211 1584 348 1643 gůt
357 1587 455 1630 wañ
466 1594 573 1625 man
581 1589 626 1633 dz
634 1584 823 1632 haubt
764 1578 807 1643 da
832 1584 914 1623 mit
925 1578 1082 1640 ſalbet.

1149 1760 1179 1794 K
1184 1750 1227 1807 ij

262 1355 341 1423 tem
363 1355 436 1421 wer
453 1365 519 1418 můt
520 1365 728 1423 geſotten
736 1378 779 1416 in
795 1367 920 1422 lauge
933 1355 995 1423 mit
993 1356 1290 1423 ſtabwurtz

1236 45 1334 58 3

1199 55 1310 67 5

417 1617 493 1703 Für
517 1637 572 1685 die
589 1617 661 1703 gerl
670 1632 798 1703 ſucht.
987 1617 1234 1695 Aſbſintheñ.

219 1693 608 1751 Item
346 1688 416 1763 wer
443 1688 506 1763 wer
526 1688 596 1763 můt
616 1691 692 1754 faſt
700 1688 842 1751 trinckt
851 1705 891 1753 x.
913 1702 975 1748 tag
996 1694 1083 1749 noch
1094 1707 1233 1763 einan⸗
