1553 2607
261 78 305 188 >
409 125 736 190 Zernbutereg
754 75 803 176 in
830 75 949 202 ihrer
978 75 1230 202 Schalkbeie

275 248 371 297 dert
390 240 518 302 häzte.
573 239 651 293 Die
672 233 871 295 fämtliche
881 227 1407 307 Zinzendorfifche
1266 227 1407 307 Secte,

254 310 355 372 har
378 307 421 367 in
443 309 538 356 dem
556 301 809 365 fogenanten
819 295 1109 355 Areugreich
1121 294 1199 365 (”)
1217 293 1399 409 fa

1261 367 1401 424 geitalt

341 464 413 522 0°)
428 456 536 522 50
557 459 663 521 habe
685 473 769 511 von
791 460 935 517 Drefein
959 457 1310 516 Bekentmebuch
1334 466 1400 514 der

410 522 770 586 Herenhutifchen
793 523 974 576 Sekte
959 519 983 586 ,
1006 519 1163 570 bereits
1193 522 1249 569 Im
1269 523 1401 582 erffen

410 588 580 648 Ebeil/
600 586 915 647 fı2.1706.**
929 583 1208 642 Erwehnung
1223 585 1372 644 gethan
1382 615 1397 646 ,

411 658 503 704 und
517 649 650 710 diefen
665 650 886 709 w'chtigen
896 646 1102 706 Umftand
1116 648 1400 706 angemercket,

413 715 502 775 daß
520 717 586 766 die
609 719 752 775 ganke
771 713 991 778 fogenante
1003 708 1187 769 Kirche,
1211 721 1285 759 vor
1305 716 1402 764 alles

416 779 551 840 fteben
576 776 678 834 muß
702 805 716 831 ,
750 782 850 826 mas
874 777 938 835 ihr
955 770 1253 835 Dberhaupt
1240 770 1261 840 ,
1287 772 1400 835 fogar

416 854 504 895 yon
526 842 660 899 feinen
680 838 928 897 befondıren
949 832 1197 895 fchädlichen
1210 835 1402 897 Wegen,

417 903 606 967 heillofen
618 902 1020 962 Unternehmungen
1032 928 1044 951 ,
1068 904 1283 958 und-gang
1298 901 1400 954 blogs

417 969 620 1030 geftellten
633 966 885 1024 Argheiten,
910 965 960 1026 in
972 961 1101 1022 Diefes
1112 960 1315 1023 ecfelhafte
1324 969 1410 1019 und

417 1033 658 1083 yerwirrete
671 1028 938 1088 Rlitrerbuch
963 1028 1229 1086 einzutragen
1249 1026 1402 1082 beliebt

417 1092 509 1156 hatı
539 1088 638 1148 Sie
654 1087 811 1154 müffen
827 1093 870 1140 es
895 1091 960 1142 mit
971 1093 1126 1145 Mund
1144 1097 1230 1139 und
1242 1089 1402 1152 Herben
1442 1110 1475 1114 |

413 1154 650 1222 beitätigen
671 1183 686 1210 ,
720 1153 895 1216 bejahen
915 1160 1004 1205 und
1028 1151 1259 1214 verblitgen
1282 1176 1297 1210 ;
1338 1161 1405 1207 als

419 1222 566 1284 heilige
581 1219 847 1279 Wurheiten
872 1246 876 1273 ,
908 1223 996 1268 und
1008 1216 1273 1279 BeFentnifje
1291 1215 1418 1278 theils

375 1325 377 1332 ‚
407 1286 540 1347 Ahres
561 1281 980 1343 gemeinfchaftztichen
999 1281 1258 1335 Glaubens,
1288 1284 1403 1339 theilg

380 1388 383 1391 .
423 1350 540 1410 ihres
572 1341 863 1404 planmöfigen
887 1345 1134 1400 Wandels,
1198 1345 1289 1398 Sie
1308 1343 1406 1406 müßk

417 1411 494 1470 fen
521 1409 645 1470 falfch
665 1409 856 1471 Zeugnis
877 1416 1034 1462 veden,
1064 1408 1213 1468 lügen,
1246 1406 1402 1470 fältern,

425 1478 515 1531 und
541 1468 774 1530 betriegen,
811 1470 851 1530 fo
871 1470 931 1532 oft
950 1477 1039 1535 und
1073 1470 1115 1528 fo
1135 1469 1403 1531 unverfhämt

396 1540 552 1589 alger
565 1541 613 1585 es
634 1535 770 1594 haben
792 1535 893 1585 will
920 1558 930 1562 -
956 1535 1231 1599 Dergleichen
1249 1534 1403 1584 blinden

427 1596 690 1658 Sehorfam,
710 1593 805 1663 auch
831 1606 879 1659 zu
899 1593 1101 1663 Sünden
1133 1599 1276 1660 die
1217 1593 1277 1663 ein
1292 1597 1400 1662 hal

428 1659 713 1722 vernünftiger
739 1656 878 1721 Heide
906 1661 1231 1727 verabfchenet
1223 1656 1239 1727 ,
1258 1665 1340 1711 md
1356 1672 1402 1721 zu

425 1728 563 1784 einent
588 1721 884 1784 erftaunlichen
906 1723 1293 1790 Menfchendienft,
1321 1725 1421 1784 wel.

409 1790 517 1844 ‚ber
530 1787 633 1847 ohne
649 1786 972 1849 vorausgefeßte
985 1788 1291 1851 UnfehlbarFeit
1302 1787 1401 1852 eines

425 1847 718 1910 Dberhaupts
750 1850 861 1909 nicht
895 1851 1073 1916 gedacht
1115 1857 1279 1905 werden
1309 1849 1402 1909 Fan,

373 1948 376 1952 .
426 1911 755 1974 (egmäaredann
778 1912 863 1971 daß
879 1916 942 1966 die
952 1910 1290 1978 Kitchengliedet
1313 1911 1429 1973 yleis

341 2016 344 2018 -
424 1978 526 2037 den
551 1977 665 2031 Sinn
690 1978 776 2028 mit.
792 1977 908 2037 ihren
918 1976 1134 2041 Anführer
1158 1976 1323 2044 hätten)
1342 1966 1404 2027 bis

412 2041 562 2110 ‚Daher
578 2041 621 2112 in
640 2038 775 2092 Feiner
799 2032 1019 2112 Sefchichte
1041 2032 1403 2112 vorgeFonmenißt,

460 2104 560 2167 Die
572 2102 710 2167 hieher
734 2099 927 2169 gehörige
960 2096 1058 2162 Orte
1075 2113 1164 2160 aus
1180 2101 1404 2226 a
1422 2109 1486 2155 I

922 2209 925 2213 \
1108 2207 1188 2225 fr
1326 2177 1405 2221 ud
