1553 2607
251 148 371 210 “4
406 117 920 217 Zerrnhutereyinihrer
952 117 1227 217 Sehaltheie,
1280 126 1300 159 Y

275 233 396 290 Defen
428 228 647 289 Berfahren
668 230 717 277 in
725 229 1047 289 Penfilvanien,
1057 223 1417 302 Beweisgulnde

228 389 392 395 ‚men,
401 350 569 423 dienlich
583 350 724 423 findet.
755 350 967 423 Dasıiftdie
976 353 1237 423 erftellzfache
1250 358 1405 408 meines

283 422 448 484 jekigen
460 417 790 486 Vorhabens.
800 416 907 480 Die
919 421 1070 467 andere
1084 417 1254 481 beffeher
1265 422 1403 469 Darvine

276 495 386 537 nen,
408 481 485 537 Daß
497 478 900 539 verfchiedenes
823 473 900 539 von
923 484 1001 539 den
1024 473 1399 539 Penfolvanifchen

283 614 368 665 Den
394 607 499 672 (*)
523 604 672 672 Druck
688 600 887 670 gegeben
904 603 1002 664 if.
1026 605 1110 669 Da
1134 607 1221 657 nun
1240 603 1414 734 rn

415 801 650 863 mittheilet,
667 802 816 862 welche
827 809 870 851 et
881 813 958 852 vor
977 805 1071 853 dem
1090 803 1358 873 Gouverneur
1368 808 1410 857 in

390 866 735 933 ‘Denfylvanien
794 866 989 926 gehalten
1040 866 1176 933 haben
1224 872 1341 927 will,
1377 869 1408 931 fi

354 994 453 1055 (#5
472 995 573 1046 Der
585 992 704 1046 Fitel
723 988 848 1055 diefer
864 982 1052 1052 Schrift
1071 989 1209 1054 heifet:
1235 993 1417 1039 Authenti.

301 1056 516 1117 "(be
525 1055 752 1107 Relation
763 1065 859 1116 von
871 1055 974 1104 dem
1004 1049 1137 1120 Anlaß
1153 1054 1414 1119 /Soregang/

341 1133 343 1135 5
380 1121 520 1172 und
538 1116 756 1178 Schlufle
778 1120 855 1168 der
872 1129 952 1167 am
980 1131 1017 1170 1.
1038 1122 1136 1178 und
1156 1134 1208 1179 2.
1220 1119 1414 1184 Yaryar.

426 1188 559 1240 1'742.
578 1183 627 1233 in
646 1183 996 1240 Germantoron
1017 1179 1285 1248 gehalteiten
1303 1184 1414 1238 Vers

412 1244 641 1309 famling
651 1258 704 1303 2c.
724 1257 778 1292 2c,
796 1234 1192 1310 Philadelphia
1158 1234 1187 1315 /
1199 1246 1412 1315 gedruckt

438 1367 588 1430 Diefem
608 1368 806 1430 Titel
744 1365 803 1435 ift
822 1370 892 1432 die
925 1365 1203 1434 KTachricht.
1217 1366 1313 1435 von
1339 1372 1410 1421 der
1473 1367 1474 1374 |

428 1443 629 1495 3zweyten
638 1430 980 1493 Verfamlung
965 1430 980 1497 /
1000 1433 1043 1481 in
1054 1432 1275 1497 Demfelben
1296 1432 1413 1493 Yahr

426 1498 517 1545 ans
530 1494 639 1552 Yicht
653 1503 841 1561 getreten
886 1500 973 1544 und
998 1493 1038 1551 fo
1057 1494 1164 1553 auch
1182 1492 1249 1554 die
1257 1493 1414 1555 Nbrige

401 1567 409 1622 °
429 1552 564 1614 Aufer
582 1556 671 1615 daß
687 1555 788 1615 diefe
799 1554 1101 1617 Berfamlung
1118 1559 1202 1617 eine
1230 1558 1418 1613 Generals

430 1618 739 1685 Verfamlung
765 1618 847 1679 auf
861 1624 954 1669 dem
976 1620 1132 1671 vierten
1145 1619 1344 1676 Titelblat
1357 1633 1419 1678 ges

320 1691 584 1745 ‘Nenner
604 1682 731 1746 wird,
748 1688 833 1733 und
851 1680 932 1745 auf
948 1687 1041 1745 dem
1052 1683 1249 1750 Fünftcen
1261 1682 1415 1742 fehle:
1500 1739 1521 1744 |

349 1752 351 1755 .
430 1745 657 1810 tetdings,
676 1746 765 1809 eine
784 1745 1095 1811 Verfamlung
1119 1750 1200 1808 der
1230 1748 1416 1800 Gemeine
1527 1749 1529 1751 I

355 1837 358 1838 “
433 1807 712 1872 GOtrttesim
738 1807 875 1872 BSeifk.
935 1809 1013 1862 Die
1030 1809 1208 1870 fiebende
1245 1807 1420 1866 Berfame

298 1872 534 1930 ‚Jung
558 1870 658 1921 aber,
669 1869 936 1932 heifet
878 1869 955 1937 ein
968 1873 1417 1937 @eneralkSiynodus
1461 1873 1501 1901 |

272 1935 512 1998 der
542 1934 763 1995 Gemeine
782 1935 990 1995 GOttes
1003 1937 1075 1995 im
1089 1934 1245 2000 Geifk.
1306 1936 1420 1987 Alles

379 2008 398 2066 „
434 1994 671 2067 3zufammen
693 1993 862 2057 beftehert
887 2003 960 2060 aus
984 1993 1088 2067 1206.
1113 1995 1267 2053 Seiten
1286 2000 1413 2057 in4te
1491 2011 1526 2066 |

467 2057 589 2132 SD
617 2057 701 2128 fehe
725 2068 841 2119 zwar
873 2067 959 2111 aus
987 2063 1150 2123 einigen
1186 2066 1409 2122 anderswo

348 2119 713 2188 angeführten
742 2122 1058 2186 Stellen,
979 2119 1057 2193 daß
1090 2129 1163 2178 der
1197 2122 1419 2193 Zeitungs
1516 2127 1533 2153 A

382 2196 416 2201 N
654 2229 656 2233 ;
1198 2185 1438 2247 Schreis.

260 302 363 348 "Des
381 292 701 360 Areuzreichs
713 304 726 346 /
747 295 794 342 in
814 290 945 349 feiner
958 289 1201 351 UnfeAbuld
1212 305 1233 344 /
1250 305 1296 352 zu
1309 290 1403 355 nehs
1452 308 1455 353 I

247 549 249 551 SHändeln
523 545 598 609 und
609 537 713 609 zmar
738 537 851 609 feibft
868 537 945 589 von
973 540 1091 601 deren
1118 541 1338 599 Urhebern,
1365 546 1405 595 in
1444 537 1553 602 I

339 1311 383 1363 “,
425 1310 524 1363 und
538 1320 591 1366 3u
611 1308 745 1368 haben
770 1306 845 1367 bey
876 1307 924 1357 5.
927 1298 1312 1366 Sräncklin.
1322 1309 1411 1357 Untereben
1457 1305 1500 1326 ||
1545 1274 1551 1364 |
