1675 2286
645 320 689 356 19

226 427 285 446 nem
306 418 380 453 Geift
401 417 510 452 duftem,
541 417 592 443 wie
613 417 679 452 diefe
696 415 827 446 Kräuter,
854 417 908 443 dem
935 414 1009 449 Seift
1035 416 1105 449 jener

227 481 334 516 fhönen
348 480 481 508 Borwelt,
502 478 528 504 in
550 479 626 506 deren
640 478 719 506 Sinn
742 482 784 507 der
797 478 908 515 Zempel
929 479 983 514 hier
1003 478 1106 513 gebaut

227 543 265 576 ift,
286 558 319 563 —
343 542 417 569 Dein
437 539 511 575 Geift
537 540 630 575 fpricht
653 540 681 574 ja
707 542 748 569 die
774 543 871 576 Heilige
893 541 1030 577 Ordnung.
1059 544 1102 569 der

226 603 376 638 Schönheit
396 610 449 630 aus
470 604 519 630 wie
539 613 573 633 er,
595 605 649 630 und
671 603 703 629 ob
724 604 759 637 ih
780 603 833 637 ihm
855 610 914 630 mas
935 605 994 633 bin,
1015 606 1048 631 ob
1069 606 1105 639 id

228 667 281 701 ihm,
303 672 362 694 mas
384 667 476 696 bleibe,
497 668 548 694 das
569 667 598 701 ift
620 668 693 693 dann
714 665 829 693 einerlei.

300 728 341 762 Na
364 729 438 762 füßer
458 727 578 762 Freund!
610 729 642 755 ob
670 730 705 762 ih.
724 727 777 755 Dir
804 733 864 754 mas
885 728 945 753 bin:
980 732 1040 754 mas
1065 728 1111 761 fol

229 791 267 823 id
295 792 398 824 danad
425 791 541 824 fragen?
562 805 596 810 —
623 791 692 823 ‚weiß
718 791 753 824 ih
775 791 851 824 doch,
882 790 935 823 daß:
961 791 1001 817 die
1026 789 1112 822 Lerche

228 852 298 885 nicht
318 850 434 884 umfonft,
459 852 569 884 jubelnd,
597 852 737 886 auffteigt,
764 852 817 884 daß
843 853 886 877 der
910 850 1112 884 Morgenmwind

230 912 299 943 nicht
320 910 464 943 ungefühlt
479 911 505 935 in
527 911 575 936 den
588 910 714 942 Zweigen
736 911 831 943 lifpelt;
851 911 878 943 ja
900 911 953 942 daß
968 912 1008 936 die
1028 919 1113 944 ganze

229 971 327 999 Natur
348 972 416 1007 nicht
437 971 603 1008 unbegriffen
625 971 651 998 in
674 971 714 1006 ihr
728 969 889 1006 Schweigen
905 969 1046 1005 verfunken
1067 970 1113 1004 iftz

231 1042 292 1061 was
314 1035 379 1069 follt’
401 1036 436 1070 id)
457 1044 552 1072 zagen,
573 1042 627 1061 von
642 1033 695 1062 Dir
716 1035 784 1069 nicht
803 1034 959 1068 verftanden
982 1036 1050 1069 nicht
1072 1044 1113 1069 ges

231 1096 305 1131 fühlt
325 1106 357 1133 zu
379 1097 453 1131 fein?
472 1112 508 1118 —
526 1096 616 1124 Drum
637 1097 693 1122 will.
713 1097 750 1129 id
770 1098 838 1130 nicht
859 1097 986 1131 fhmwören
1006 1096 1060 1124 Dir
1080 1103 1115 1123 etz

232 1163 294 1185 was
314 1167 347 1193 zu
369 1158 438 1192 feinz
466 1162 494 1184 es
513 1157 544 1191 ift
565 1157 615 1182 mir
634 1157 736 1189 gewiß,
762 1156 816 1189 daß
842 1157 877 1189 ih
896 1156 950 1183 Dir
971 1157 1029 1184 bin,
1054 1162 1114 1183 mas

233 1220 260 1245 in.
287 1218 496 1251 einftimmender
520 1216 671 1252 Schönheit
695 1218 737 1244 ein
762 1215 823 1245 Zon
850 1217 893 1244 der
917 1216 1027 1246 Natur,
1059 1218 1115 1245 eine

234 1279 339 1316 geiftige
353 1278 519 1316 Berührung
536 1281 615 1315 diefer
630 1281 770 1317 finnliden
786 1279 863 1309 Welt
877 1280 930 1309 Dir
948 1281 1000 1316 fein
1017 1280 1097 1310 Fann.

834 1526 879 1552 Sm
895 1526 961 1552 Juli.

307 1588 386 1624 Diefe
405 1586 496 1622 Tage,
522 1586 588 1621 Ddiefe
607 1584 753 1619 Gegenden
780 1585 813 1620 fie
833 1590 927 1620 tragen
950 1588 1001 1612 das
1021 1585 1117 1622 Antlig

237 1652 281 1677 des
300 1651 470 1686 Paradiefes,
507 1648 562 1676 Die
580 1647 657 1682 Fülle
679 1649 747 1682 ladht
767 1649 831 1682 midy
853 1658 888 1675 an
911 1650 937 1677 in
959 1651 1003 1678 der
1023 1651 1118 1685 reifen?

237 1713 285 1739 den
306 1712 415 1748 Frucht,
437 1715 488 1740 das
507 1711 589 1739 Leben
609 1711 712 1745 jaucdhzt
733 1712 760 1737 in
781 1713 847 1742 mir,
875 1715 929 1740 und
951 1714 1049 1748 einfam
1072 1714 1117 1739 bin

238 1773 273 1805 id)
294 1776 344 1802 wie
365 1778 408 1803 der
427 1776 489 1810 erfte
507 1774 638 1809 Menfdh;
659 1774 714 1800 und
735 1774 770 1808 ich
792 1776 863 1803 lerne
883 1777 931 1803 wie
952 1776 1032 1808 Ddiefer
1051 1776 1119 1808 herre

238 1834 309 1870 fen
341 1839 395 1865 und.
431 1840 549 1875 gebieten
581 1839 638 1866 dem
670 1834 769 1866 Glück;
807 1839 861 1875 daß
891 1839 932 1866 ‚die.
962 1835 1040 1864 Welt
1070 1835 1117 1869 fol
