2000 2784
260 127 441 193 Es be
460 124 1882 199 chreibet auch Victrus lib. 10. cap. 13. de Architectura
153 195 1874 275 das nſtrument / ſo mon lvdraulicum nennet / vnd vom Cteſibio ſol
152 267 1857 343 erfunden ſeyn / wie Plinius lib. 7. c.337. Ramus lib. . Schol. Mathemat.
158 334 1868 408 urnebus Adverlar. auß welchem ohne zweiffel hernach vnſer
154 403 759 482 Orgel entſprungen iſt.
309 554 1859 628 Die Beſaͤytetennſtrument anlangend / iſt die Leyre in ge-
147 626 1860 698 ſtalt eines Schlitten (wie Cœlius Rhodiginus lib. 9. cap. 6. Antiq.
149 693 1862 765 Lect. auß dem Ammonio Marcellino bezeuget) formiret, die Saͤyt⸗
150 778 378 824 ten im an
399 759 1866 836 ang von leynen Faͤden / hernach aber aus Daͤrmen gemachet
150 830 1866 908 geweſen. cal. lib. 1. cap. 48. Poet. An der Zahl nur vier /ent⸗
150 906 843 978 weder nach der Zahl der vier
861 898 1866 973 Flement / oder vier Zeiten des Jahrs:
153 978 1614 1042 Oder der vierden zahl zu Ehren / welche von der Pyihagoricis
1638 972 1866 1025 uͤr eine
150 1046 1117 1118 heilige Zahl iſt gehalten worden / dabey
1141 1042 1862 1113 ie auch geſchworen / wie Py-
148 1121 1076 1185 thagoras in alirco ca mine bezeuget.
298 1255 573 1325 N. M
602 1256 732 1282 e
798 1248 1404 1279 e eR
593 1284 779 1326 op &tE
792 1269 1857 1346 g& oτc rergovr
1214 1329 1288 1344 n
300 1341 696 1372 - 9
263 1351 1857 1437 LIcEγ vsς, vnd bey dem Macrobio, A. Gel-
107 1439 1399 1510 lio, Suida vnd andern weitleufftiger zuerſehen iſt:
303 1589 1239 1663 Oder den Muſis zu ehren /derer im an
1259 1575 1863 1651 ang nur vier ſollen ge⸗
148 1651 1860 1732 weſen ſeyn: Oder nach der Zahl der vier Numerorum Harmoni-
148 1717 1862 1797 corum proportionalium Pythagoreorum 1. 2. 3. 4. Dartnnen
147 1798 1194 1864 alle der alten Conſonantiæ, alß Vniſonus,
1200 1791 1860 1856 uarta, Quinta, Octava,
149 1858 1863 1933 Duodecima vnd Decimaquinta begriffen. Es hat aber die or⸗
1440 1911 1457 1925 1
151 1927 1856 2004 ſte vnd letzte Saͤyte eine Octa vam. Die mitelſten beyde vnterein-
152 1995 1866 2062 ander einen Ionum, gegen die euſſerſten aber eine Quartam vder
153 2067 934 2143 Quintam geklungen / wie aus die
954 2062 1859 2118 en numeris Harmonicis 6. 8.9. 12.
237 2143 651 2214 rlich zu erſehen.
730 2131 1414 2203 rs iſt aber dieſe Mutcaim an
1434 2133 1868 2205 ang ſehr ſchlecht
990 2214 1863 2276 · gewe⸗
