1700 2686
1045 448 1084 472 II.
1104 443 1270 472 Abschnitt.

1089 530 1116 566 §.
1146 534 1215 567 16.

790 602 866 637 Die
908 601 1001 635 eben
1043 601 1248 646 gedachten
1283 600 1443 634 vordern
1475 599 1587 648 fora-

717 669 815 703 mina
853 665 1015 711 palatina
1052 664 1159 707 (oder
1197 666 1357 708 incisiuç)
1394 664 1480 698 sind
1515 666 1588 709 bey

304 730 343 768 1
717 732 791 764 den
805 729 997 763 mehrsten
1016 726 1297 774 Säugethieren,
1312 741 1353 762 so
1378 729 1450 762 wie
1474 728 1588 771 beym

1360 793 1584 835 Menschen,

830 916 910 947 Man
928 912 1041 944 müſste
1059 912 1147 941 denn
1164 911 1359 946 annehmen,
1383 910 1449 941 daſs
1469 923 1502 943 er
1521 912 1584 952 bey

830 974 914 1003 allen
937 972 1049 1000 diesen
1059 969 1205 998 Thieren
1222 969 1324 999 schon
1346 969 1380 998 in
1396 969 1502 998 ihrem
1520 980 1580 999 un-

831 1029 935 1060 reifen
976 1028 1065 1057 Alter
1106 1036 1186 1066 ganz
1228 1025 1438 1055 verwachsen
1482 1030 1580 1061 wäre,

830 1098 928 1118 wenn
947 1084 1052 1126 gleich
1066 1083 1118 1112 die
1139 1082 1275 1122 übrigen
1291 1081 1581 1112 Schedelknochen

829 1145 915 1175 noch
940 1142 1011 1172 aufs
1034 1140 1227 1170 deutlichste
1261 1139 1331 1169 ihre
1361 1139 1503 1168 Suturen
1533 1148 1581 1168 er-
1695 1144 1697 1155 —

825 1201 935 1230 halten
956 1198 1080 1225 hätten.
1695 1184 1699 1225 1

882 1253 978 1285 Auch
995 1253 1058 1290 bey
1079 1249 1315 1280 verschiednen
1340 1250 1577 1290 Säugethieren

350 1302 356 1338 .

349 1343 355 1365 1

825 1323 880 1342 aus
906 1310 1029 1340 andern
1041 1307 1264 1345 Ordnungen,
1283 1308 1483 1337 namentlich
1500 1308 1576 1337 dem

824 1368 1002 1408 Bradypus
1035 1363 1232 1402 tridactylus
1267 1365 1333 1393 und
1376 1364 1575 1401 Vespertilio

816 1423 949 1470 ſerrum
971 1422 1138 1463 equinum,
1163 1421 1286 1449 konnte
1304 1421 1386 1450 Herr
1401 1421 1575 1451 Bibliothe-

822 1487 878 1514 kar
901 1482 1047 1511 FIsclen
1070 1477 1166 1507 keine
1189 1476 1272 1517 Spur
1293 1477 1348 1507 des
1372 1477 1574 1506 Intermaxil-

821 1538 1056 1571 lar-Knochen
1080 1534 1258 1566 auffinden.
1311 1545 1334 1565 s.
1366 1534 1458 1566 Dess.
1488 1534 1573 1565 oben

819 1596 1013 1639 angeführte
1036 1591 1260 1624 meisterhafte
1279 1591 1516 1631 Monographie
1539 1591 1571 1621 S.

822 1666 872 1694 47.
892 1659 941 1692 89.
986 1653 1080 1683 Doch
1104 1652 1192 1690 giebt
1219 1659 1253 1678 er
1275 1649 1376 1677 selbst
1399 1648 1452 1675 die
1479 1647 1573 1687 Mög-

819 1712 951 1742 lichkeit
971 1721 1030 1744 zu,
1053 1707 1120 1737 daſs
1145 1705 1345 1744 wenigstens
1367 1704 1462 1742 beym
1482 1703 1571 1733 Faul-

819 1769 905 1797 thier
938 1768 1028 1804 jener
1058 1763 1220 1794 Knochen
1248 1760 1471 1800 loſsgestoſsen
1501 1761 1569 1790 und

817 1825 970 1855 verloren
988 1830 1153 1862 gegangen
1176 1829 1255 1858 seyn
1275 1820 1395 1848 könne.
1411 1835 1447 1839 —
1465 1818 1568 1853 Kurz,

817 1883 879 1913 alle
895 1880 948 1909 die
960 1876 1176 1917 angeführten
1188 1876 1396 1907 Ausnahmen
1407 1874 1567 1903 bedürfen

818 1945 884 1968 erst
899 1936 983 1967 noch
994 1933 1143 1963 weiterer
1159 1942 1298 1973 genauer
1314 1930 1568 1970 Untersuchung

813 2008 855 2030 an
886 1994 1041 2024 mehrern
1067 1990 1157 2020 recht
1188 1988 1427 2026 vollständigen
1454 1988 1566 2016 Exem-

813 2054 924 2092 plaren
961 2060 1016 2080 aus
1057 2047 1293 2079 verschiednen
1331 2044 1567 2084 Lebensperio-

807 2108 869 2139 den
888 2119 916 2140 u.
933 2118 957 2139 s.
976 2116 1017 2138 w.
