1740 2466
120 202 258 264 Sie
268 204 393 270 leren
421 206 500 271 vnd
531 208 657 274 thun
661 209 1000 278 allesguts

143 270 283 335 Auch
291 273 446 340 ſolein
455 275 746 345 Foꝛmündt
762 291 949 351 wonen
959 283 1087 345 nicht

144 340 256 409 Bey
267 346 351 394 der
364 337 553 412 weyſen
566 346 785 411 Mutter
802 353 906 401 vnd
915 350 1088 414 ſpꝛicht

142 406 284 465 Kein
295 410 417 483 Erb
425 425 486 480 zu
491 411 777 478 Foꝛmündt
787 415 907 479 mug
920 416 1113 480 gehoͤꝛn

143 476 258 532 Ein
268 480 499 539 truncken
508 479 1096 548 Fůrſten
747 476 823 548 ſol
849 476 946 548 man
1110 532 1112 535 moͤꝛn

145 544 261 615 Ein
275 544 425 621 Koͤnig
452 544 524 621 iſt
551 544 614 621 ein
619 548 1313 621 ſtarckergwalt

145 609 273 669 Das
287 617 495 685 Gſetz
438 609 504 688 iſt
507 617 607 669 wie
617 618 694 671 ein
707 617 1011 688 Spinnweb
1025 620 1204 675 alt

145 678 237 752 Das
264 698 346 742 nur
373 691 449 743 die
454 678 730 752 ſchwachent
737 688 859 751 hut
873 688 1083 744 bewarn

143 754 245 811 Die
255 753 553 824 ſtarcken
487 753 563 824 die
563 756 693 819 thun
708 754 945 821 hindurch
965 759 1090 823 farn

144 823 337 882 Solon
348 825 499 883 wurd
510 825 590 875 alt
600 826 690 890 bey
708 824 901 899 Ach
800 823 844 899 tz
851 823 896 899 ig
916 831 1058 892 jarn.

449 912 767 1009 Chilon
665 912 755 1011 der
786 914 902 989 drit
1200 1003 1209 1011 N

200 1025 443 1094 Chilon
454 1026 642 1094 ſpꝛicht
622 1025 650 1094 /
654 1029 780 1087 nicht
816 1027 1022 1094 nachrede
1056 1031 1158 1081 dem

136 1089 219 1159 Inn
265 1096 376 1151 Wirt
392 1089 493 1159 ſcha
510 1096 574 1158 fft
612 1089 674 1159 wol
678 1095 970 1159 deinzunge
979 1106 1082 1156 zem

138 1160 325 1229 Sunſt
341 1160 643 1228 wirſt
489 1160 536 1229 zu
561 1160 643 1228 letz
680 1163 872 1218 betrůbt
904 1160 1045 1229 damit

132 1226 229 1298 Wer
248 1226 369 1298 troet
401 1233 426 1293 /
448 1232 522 1282 der
548 1228 618 1292 hat
631 1227 868 1298 weybiſch
876 1226 946 1290 ſit

136 1295 271 1365 Such
298 1296 409 1359 dein
436 1296 617 1360 Freund
633 1295 741 1359 heim
768 1297 852 1347 inn
866 1295 1184 1365 kůmmernuß

132 1364 298 1427 Mehꝛ
308 1370 444 1425 dannin
498 1362 658 1429 gluͤck
687 1367 765 1415 vnd
775 1362 1209 1431 vberfluß

134 1430 374 1496 Schlecht
386 1431 633 1501 demütige
662 1429 916 1506 Hhochtzeyt
962 1429 1131 1505 mach

131 1502 268 1559 Dem
281 1499 692 1561 todteh
460 1498 541 1570 ved
567 1499 692 1561 nicht
700 1498 814 1551 vbel
832 1500 1048 1570 nach

130 1566 255 1639 Dein
274 1579 410 1635 zoꝛen
436 1566 599 1639 dempff
625 1572 646 1634 /
672 1566 741 1639 das
728 1566 987 1632 alter
1111 1610 1127 1616 er:

130 1632 562 1704 Vnmuͤg
338 1632 438 1707 lich
458 1632 559 1707 ding
569 1648 668 1700 gar
685 1633 809 1692 nicht
824 1634 1011 1707 bege
1089 1679 1094 1684 z

125 1701 246 1758 Des
263 1703 706 1769 vngluͤckhaffting
726 1698 886 1769 ſpotte
911 1737 1060 1765 nicht

127 1772 243 1827 Ein
253 1773 389 1838 Herr
401 1782 484 1826 inn
509 1769 641 1839 demut
669 1769 750 1836 ſey
766 1769 1077 1839 verpflicht

93 1838 253 1906 Das
248 1837 338 1912 man
365 1843 441 1898 nit
476 1838 633 1903 furcht
646 1838 816 1902 ſonder
824 1837 912 1892 lieb
923 1842 1087 1912 ſehe

125 1905 219 1967 Eh
230 1907 617 1975 ſchadens
456 1904 484 1975 /
502 1907 609 1975 dann
629 1904 730 1969 boͤß
759 1908 1031 1970 gwinnens
1040 1914 1188 1971 ger

123 1972 270 2040 Weyl
283 1979 359 2027 der
371 1972 495 2045 ſchad
522 1972 725 2028 betrübt
747 1976 819 2028 ein
843 1972 919 2045 mal
945 1982 1008 2045 jn

122 2038 257 2094 Aber
273 2049 404 2108 ewig
409 2038 486 2120 der
516 2038 609 2120 boͤß
647 2048 1197 2113 gewinn

86 2103 300 2188 Sechs
309 2113 410 2183 vnd
422 2109 639 2180 fuͤuff
578 2103 633 2188 tzg
656 2108 787 2188 rig
796 2109 937 2183 ſtarb
950 2113 1113 2184 erhin.
