1504 1863
504 187 709 250 ec3
846 527 886 547 *
247 544 688 605 Das walte der groſſe u
1052 527 1098 550 41
783 530 1124 599 arcke GGtt / der
252 594 1124 647 zwar vielerley Heer hat / ſo Er ausſender /
277 636 1124 688 uns uͤmb unſerer Sunde willen heimzuſu⸗
283 677 1124 729 chen / iedoch auch aus / vaͤterlicher Barm⸗
282 719 1124 774 hertzigkeit ſein Abſehen dahin richtet / uns
283 763 1124 820 zur wahren Buſſe zu locken; wie Er denn
284 807 1124 866 der Bußfertigen Hertzen ihr Gebet nicht
284 847 632 903 verſchmaͤhet / noch
651 855 1124 907 eine Guͤte von uns wen⸗
284 895 633 949 detl Seinem hei
649 899 980 953 igen Nahmen ſey
1054 906 1124 954 r.
285 937 1035 1002 undLob / von nun an / biß inEwigkeit / Am
586 992 718 1033 . 1
390 1009 1124 1082 S hat dem Allerhoͤchſten gefallen / im Mo⸗
387 1073 1124 1125 nat Auguſto/ dieſes lauffenden 16oz. ahres /
387 1111 1124 1162 rnſer Land und Gegend it euſchrecken
388 1149 1124 1211 heimzuſuchen. Weiln denn ſolches ein gantz
402 1195 1124 1250 mgewoͤhnliches Werck GOttes iſt / davon
391 1239 1124 1296 nicht allein iederman redet / ſondern auch von
201 1283 1124 1342 vie.en ein ungegrülndeter Nuſatz gemaͤchet / hingegen aber
200 1324 1124 1383 von andern einen grundlichen Nachricht zu haben / ver⸗
199 1368 1124 1429 langet wird; hiernechſt anch dieſe Geſchicht wohl wehrt
199 1410 1124 1474 iſt / daß ſie fleißig erforſchet und beſchrteben werde / das
199 1454 1123 1518 Gedaͤchtnis der goͤttlichen Wunder zu erhalten / und da-
200 1501 1123 1564 mit nicht nur denen / ſo anitzo leben / ſondern alich der
200 1543 1123 1608 Nachwelt zu dienen; Zugleich auch die Erſchrocknen aus
626 1594 1123 1652 A2 Got⸗
