1504 1863
697 190 1045 242 e ((44) R
439 226 1294 299 §. 77. Wil aber ja der meiſte Theil nicht
412 285 1294 348 zu Hertzen nehmen / was zu ſeinem Friede die⸗
412 335 1294 399 net / ſo wird dennoch GOtt heiligen Saa⸗
412 386 803 449 men laſſen uͤberbleib
821 388 1294 448 n/ und hier und dar et⸗
412 437 767 498 wa zehen / ja ſeine
870 438 1295 501 tauſend / uͤbrig behal⸗
412 488 1295 553 ten / derer Nund der Epieurer und ſichern
412 538 1295 605 Hertzen Baal nicht kuͤſſen / ſondern dem wah⸗
412 589 1295 651 ren GOtt Jſraelis mit reinen Hertzen die⸗
412 639 1295 705 nen / und zu Jhm ſchreyen Tag und Nacht.
412 692 1295 756 Das wird denn auch nicht vergeblich ſeyn /
412 742 1295 807 ſondern der HErr wird uͤmb ihren willen der
412 795 1295 874 boͤſen Welt gutes thun / ſie aber erretten /
412 854 977 925 in einer Kuͤrtze / Amen.
439 915 1295 982 §. 78. Schluͤßlich ſoll das aller / die die⸗
412 964 1295 1033 ſes leſen werden / ihr hertzlicher Seuffzer zu
412 1019 1295 1082 GOtt dem barmhertzigen himmliſchen Vater
412 1068 1295 1133 ſeyn / daß er doch bey Zeiten den Kriegen in
412 1119 1295 1185 aller Welt ſteuren / und allen verkehrten und
412 1171 1295 1236 Blut-triefenden Anſchlaͤgen wehren wolle /
412 1222 1295 1301 damit in unſerm Lande Ehre wohne / daß
412 1282 1295 1366 Guͤte und Treue emander begegnen / Ge⸗
412 1348 1295 1428 rechtigket und Frede ſich kuͤſſen. Daß
412 1411 1295 1491 Treue auf derErden wachſe / vndGerech⸗
412 1477 1295 1559 tigkeit vom Himmelſchaue. aß uns
1164 1552 1295 1600 der
