1504 1863
500 198 830 253 (7)
203 242 1132 302 ſchwartz oder blau von Farbe / doch uͤmb ein merckliches
202 288 1132 345 ſtaͤrcker und groͤſſer iſt/ als die gemeinen Heuſchrecken ha⸗
202 332 1132 389 ben. Sind alſo von Ott darzu ſonderlich gewaffnet
203 376 1132 434 und geruͤſtet / daß ſie mit ſolchen ihren Zaͤhnen barte Koͤr-
202 422 1132 476 ner zu malmen / und aar leicht aroſſen Schaden anrichten
200 464 1132 522 koͤnnen. Wie denn ſolches deſto beſſer zu effectuiren / die
199 508 1132 564 Natur ihnen ein ſonderlich groſſes receptaculum verliehen /
199 553 1132 607 indem die Speiſe gleich durch den Schlund in einen wei⸗
200 596 1132 650 ten /langen Daa m faͤllet / ſo in einer Gleiche biß hinden an
200 641 1132 697 eichet. Mox à ventre inteſtinum recta in caudam finit, quà
202 683 1013 731 excrementa emittunt; Ariſtot. l. 4. Hiſt. Anim. c. 2.
232 722 1132 779 §. 7. Die ſo genannten Graßbaͤuer pflegen oben
197 769 1132 823 gantz grun zu ſeyn / aber mit der Farbe der Heuſchrecken
196 814 1132 868 beſindet ſichs etwas anders. Es ſind zwar auch mit un⸗
197 858 1132 913 ter ſolchen /welche am Haupte / Halſe und ſonſten etwas
196 903 1132 958 grun ieyn / de meiſten aber haben andere Fai ben / als roͤth-
196 945 1132 1001 licht / ſchwartzlicht ic. Gleichergeſtalt ſchreibet Krenhe-
198 989 1132 1043 mius (itante Dn. loffim. in chi onotaxi Apocal p. 232.) von
198 1032 1132 1088 den Heuſchrecken Anni 1542 varu fuiſſe coloris & quatuor
198 1076 1132 1130 habuiſſe alas, ſie ſeyn von inancherley Farben geweſen /
196 1118 1132 1167 und haben vier lgel gehabt. Wie denn curĩeuſe
195 1157 1132 1210 Leute gar vielerley Arten der Farben an ihnen gezehlet ha⸗
196 1200 1132 1257 ben. daß alſo die Heuſchiecken ein ſolch eer repralenti-
196 1239 1132 1298 ren / elches aus ee von mancherley Nationen
197 1288 1132 1344 und L be erenbeſtehet. Doch ſcheinen die beyden ge⸗
196 1332 1132 1385 mein ſten Farben gelb und braun zu eyn aiſo' daß etli⸗
195 1376 1132 1430 che am Haupte / Bi uſt und Leibe gtlb und am Bauche ſil⸗
194 1419 1132 1473 berfarben; etliche aber am Bauche Leberfarb, und ſonſt
194 1465 1132 1518 ſchwatz braunlicht ſeyn; davon het nach ein mehrers.
194 1507 1131 1564 Die Fluͤge ſind bey ollen ſchier uͤbe ein / neinlich Silber⸗
194 1551 1131 1615 farb / ooei dunckel⸗weiß / oder dunckel geibicht: dero Fel⸗
1005 1604 1131 1648 der⸗
