2319 3928
790 236 889 270 wm
923 227 982 274 )2(
1011 241 1034 264 ©
1060 225 1123 275 )!7(
1151 233 1252 266 wenn

263 315 510 374 Fränckter
567 301 842 379 Gewiflens
880 301 1113 379 Freybheit
1141 311 1284 364 unter
1305 307 1468 361 einem
1500 301 1791 375 agefegneten

261 394 535 463 Regiment
565 392 671 449 und
701 384 925 459 Scepter
950 384 1158 457 gerubig
1198 386 1305 443 und
1329 376 1607 454 veranüget
1650 383 1789 443 leben

257 474 476 532 fönnen.
567 465 730 529 Denn
756 466 1001 538 nachdem
1024 461 1182 530 diefes
1210 458 1549 535 unfDäßdare
1570 462 1789 522 Kleinod

257 556 342 612 der
363 550 692 621 allgemeinen
709 540 854 621 ficher
887 547 993 604 und
1015 541 1363 617 zufriedendeit
1392 550 1538 601 unter
1558 551 1720 602 einem
1745 540 1794 612 fo

257 628 580 700 Gnädiaften
593 627 919 700 Oberhaupte
936 620 1197 696 jederman
1219 629 1368 689 unter
1391 633 1536 692 augen
1565 616 1795 693 leuchtet,

256 716 365 771 und
383 708 514 778 nicht
535 718 633 767 nur
658 710 732 765 die
752 703 910 776 feinde
930 711 1016 764 der
1027 703 1233 775 wahren
1250 700 1570 774 Ehriftlichen
1588 700 1799 776 freyheit

257 782 623 861 nachdrücklich
645 783 946 857 befchämet,
985 781 1191 852 fondern
1219 780 1346 851 auch
1366 780 1518 851 durch
1541 788 1797 850 ungemet

256 885 355 930 nen
367 867 696 940 wachsthum
711 860 1145 935 augenfchemliche
1159 860 1345 930 proben
1371 857 1664 930 Göttlichen
1677 860 1797 920 wol

259 946 510 1022 gefallens
535 958 605 1006 an
626 951 719 1005 den
740 953 824 1014 tag
846 942 986 1012 leget>
1028 940 1075 1011 fo
1094 938 1228 1008 darff
1244 936 1486 1012 zweiffels
1507 934 1612 1010 frey
1635 955 1715 999 cın
1738 945 1799 1012 je

258 1033 354 1089 des
374 1026 615 1097 vredliches
639 1017 876 1094 gemüthe
895 1026 968 1081 die
996 1015 1392 1092 untertbänigfte
1412 1017 1676 1092 zuverficht
1706 1018 1798 1090 faß

260 1107 371 1180 fen/
407 1114 547 1167 einen
567 1102 757 1175 antBeil
778 1114 882 1163 von
901 1101 1050 1160 allem
1071 1099 1247 1169 diefem
1280 1108 1434 1170 guten
1463 1105 1522 1172 zu
1542 1100 1761 1173 nedmen
1775 1107 1797 1151 /

262 1194 369 1248 und
396 1188 579 1259 mithin
608 1179 864 1253 würcklich
885 1188 945 1254 zu
966 1176 1216 1252 genießen.
1312 1178 1392 1239 ES
1414 1175 1468 1250 ıft
1498 1177 1621 1248 fonft
1640 1180 1715 1237 die
1738 1192 1801 1238 eis

261 1268 476 1340 genhebe
490 1270 602 1324 dem
625 1262 876 1340 menfehen
890 1259 936 1332 fo
966 1274 1047 1331 gar
1057 1260 1407 1334 angebohren/
1453 1255 1552 1330 daß
1567 1275 1617 1318 er
1628 1261 1764 1319 alles
1779 1274 1801 1318 /

260 1352 382 1407 jvas
395 1355 496 1404 von
509 1345 617 1416 ıdm
630 1339 768 1416 felöft
789 1339 962 1416 Fomnıt
982 1355 993 1396 /
1015 1343 1120 1398 oder
1141 1339 1262 1411 doch
1286 1349 1661 1409 angenommen
1682 1341 1797 1398 und

262 1432 453 1482 zCimirf
473 1425 631 1483 Wird
611 1414 634 1493 /
655 1434 776 1493 gern
796 1418 921 1490 auch
943 1428 1044 1477 von
1059 1414 1190 1477 allen
1218 1421 1410 1478 andern
1422 1415 1570 1478 wolte
1589 1417 1794 1489 geliebet

260 1506 367 1563 und
382 1500 621 1572 gepriefen
644 1501 830 1575 Baben:
869 1498 1055 1570 dahero
1079 1501 1211 1556 denn
1231 1499 1355 1570 auch
1370 1492 1416 1566 fo
1435 1497 1535 1556 wol
1548 1504 1599 1556 in
1613 1499 1793 1568 profan-

261 1589 368 1642 und
379 1582 647 1650 weltlichen
659 1581 776 1638 /alg
793 1576 1127 1648 inreligions-
1144 1580 1250 1636 und
1261 1573 1696 1647 gewißensfachen
1715 1579 1792 1634 die

261 1677 318 1734 ge
325 1655 630 1740 fährlıchften
646 1664 820 1712 confilia
841 1662 946 1717 nd
967 1665 1183 1719 actiones,
1217 1655 1473 1727 Blutiaften
1502 1657 1656 1725 Friege
1677 1672 1698 1712 /
1729 1664 1796 1707 in-

263 1744 511 1811 quifitiones
533 1745 641 1800 nd
667 1733 1024 1810 Derfolgungen
1051 1745 1111 1810 3u
1137 1735 1269 1796 allen
1293 1743 1443 1809 zeiten
1474 1733 1787 1805 entfianden.

262 1820 452 1880 Qann
464 1820 581 1877 aber
592 1826 665 1877 im
676 1814 948 1888 gegentSetl
960 1823 1105 1874 unter
1116 1820 1279 1874 einem
1297 1813 1575 1885 Negiment
1596 1826 1663 1872 an
1677 1814 1790 1883 ftatt

260 1899 561 1968 dergleichen
574 1899 734 1958 SGOtt
753 1890 1063 1966 mußfälligen
1084 1894 1361 1967 proceduren
1382 1893 1639 1965 jederman
1664 1897 1794 1965 obne

261 1975 779 2047 unterfheid
587 1971 709 2047 auch
734 1971 777 2047 in
791 1971 1057 2045 geiftlichen
1073 1974 1794 2046 angelegenBbeiten/gerechtig»

264 2057 398 2115 Feit
387 2050 415 2127 /
438 2059 601 2127 gqnade
622 2058 728 2114 und
750 2051 890 2124 fchuß
908 2052 1123 2125 ertBeilet
1143 2055 1294 2112 wird;
1334 2052 1388 2121 if
1412 2051 1616 2121 felöiges
1638 2050 1788 2109 alleın

265 2145 370 2194 von
381 2135 674 2195 GOTTes
686 2132 951 2204 liedreicher
961 2133 1250 2205 hand
1120 2126 1137 2205 /
1158 2133 1246 2205 und
1269 2141 1360 2191 vor
1374 2137 1451 2189 ein
1484 2126 1686 2200 gewifes
1707 2141 1790 2202 zei

266 2213 382 2286 Ben
402 2214 739 2283 danckbarlich
762 2212 1143 2284 anzunehmen,
1164 2205 1263 2279 daß
1289 2213 1364 2268 die
1377 2207 1629 2278 Göttliche
1642 2206 1790 2276 weıß

265 2294 394 2365 beit,
439 2299 463 2358 C
476 2293 652 2363 welche
675 2292 854 2364 allezeit
882 2298 962 2349 mit
983 2290 1099 2349 Kebe
1118 2292 1225 2349 und
1248 2291 1510 2349 erbarmen
1531 2281 1789 2357 verfnüpf-

266 2371 333 2443 fet
349 2370 455 2442 ift/)
499 2371 629 2444 nicht
650 2385 746 2430 nur
765 2383 817 2429 in
839 2377 1095 2439 regierung
1115 2365 1160 2438 fo
1178 2367 1487 2439 mancherlen
1510 2374 1787 2436 gattungen

268 2455 353 2511 der
364 2451 551 2512 völcker
562 2453 666 2510 und
677 2451 944 2521 religtonen
955 2464 975 2504 /
987 2448 1194 2517 fondern
1211 2449 1338 2519 auch
1349 2456 1401 2504 in
1414 2446 1665 2519 Deulfamer
1678 2467 1788 2497 cem-

267 2553 436 2602 peratur
453 2538 538 2590 Der
554 2529 869 2603 gerecht-und
887 2526 1167 2602 Bıllichkeit/
1195 2522 1455 2599 Wuürcklich
1475 2525 1612 2584 allda
1635 2527 1789 2599 gehör

269 2613 377 2670 und
390 2609 512 2682 plaß
529 2607 783 2681 gefunden
795 2607 937 2681 Babe,

408 2746 522 2809 Und
534 2743 697 2817 diefes
720 2743 803 2816 fs
834 2752 952 2806 was
997 2716 1153 2824 Zw.
1161 2709 1777 2827 Churfl,DurDl.

269 2839 588 2910 Gnädigften
600 2838 774 2913 febiem
810 2837 1056 2900 DERO
1093 2849 1324 2911 getreuen
1345 2839 1677 2910 unterthanen
1703 2837 1786 2896 bıls

275 2918 367 2992 lich
387 2920 667 2993 bochiwerth
679 2925 784 2977 und
799 2919 968 2991 teuer
978 2918 1344 2990 machet
1195 2915 1212 2993 /
1233 2918 1341 2990 auch
1355 2916 1522 2985 felbige
1536 2927 1629 2974 vor
1663 2915 1785 2976 DE,

273 2996 397 3058 NO
437 2997 751 3068 langwierige
769 2999 874 3056 und
885 2996 1129 3068 gefegnete
1148 3006 1403 3069 regierung
1426 2993 1783 3065 fernerweit
1718 2993 1783 3069 De-

275 3074 342 3145 fto
373 3076 643 3149 ernfilicher
677 3084 736 3148 zu
776 3076 916 3135 Beten
960 3073 1249 3148 Fräfftiglich
1287 3076 1540 3133 antreıben
1566 3075 1779 3143 möchte.

274 3154 412 3215 Ehen:
445 3152 605 3226 diefes
638 3157 863 3216 eriwecket
899 3154 1027 3225 auch
1044 3162 1097 3214 in
1132 3163 1230 3213 mir
1250 3162 1356 3214 das
1392 3151 1782 3224 unterthänigfte

275 3260 571 3317 verkrauen/
590 3252 690 3326 daß
702 3226 894 3336 SW.
905 3226 1204 3342 Shurfk
1216 3219 1533 3339 Durchl,
1547 3250 1667 3321 diefe
1694 3251 1780 3309 all

1644 3342 1779 3399 gemeis

1707 3820 1746 3838 Gray
1757 3820 1804 3835 Scale

1249 3719 1385 3761 Herzog
1398 3719 1533 3760 August
1551 3716 1743 3749 Bibliothek
1757 3714 2001 3748 Wolfenbüttel
