1280 2091
385 269 434 305 .
428 236 607 362 bonric
573 274 728 362 iques
761 306 801 354 p
830 294 911 358 ur
952 257 1029 366 un

355 300 513 358 15.P

0 346 56 432 8
84 386 110 462 .
106 280 201 506 .
198 266 470 512 —
420 345 557 439 »Hul.
558 303 1011 514 Seeeiee

337 422 455 497 our
452 436 487 492 2
466 415 654 560 e7.

107 543 192 559 A
752 501 813 565 en
823 493 939 582 vor
947 495 1034 574 ei⸗

41 554 150 647 nen
156 554 291 642 Edel
270 557 466 630 wann/
494 475 634 627 —
602 496 932 648 —
800 572 889 636 bey
881 568 1016 646 Hofe

142 619 334 714 wohl
330 631 403 693 an
403 621 504 700 und
511 629 919 718 fortzukommen.
971 696 999 714 .

79 746 98 762 .
102 702 223 777 6
228 748 237 757 .
287 687 466 782 Pariß,/
488 710 529 752 im
552 700 640 770 Jahr
655 704 749 778 z698.
771 742 928 778 4,0

107 759 427 836 es
433 774 623 846 Buch
570 769 632 849 iſt
641 773 796 844 bereits
805 793 877 835 vor
882 750 1035 849 einigen

45 872 87 902 §
61 751 277 950 8
311 830 481 902 Jahren
495 839 637 895 unter
638 841 710 895 den
734 845 883 908 Titul:
902 846 1038 904 PArt

78 877 296 1038 —48
304 909 391 970 de
394 918 628 995 regner:
637 925 725 968 vder
748 923 824 981 die
839 918 1043 1000 Regie⸗

311 1002 434 1235 8
674 993 837 1126 en
886 993 1040 1122 Geeſ

282 1067 335 1136 er.
395 1076 407 1108 1
546 1057 715 1114 ruunm
716 1072 807 1122 ehro
826 1080 900 1116 von
921 1082 1044 1118 neuen

53 1025 237 1195 7
192 1051 304 1241 44
580 1077 719 1205 Gedn
743 1128 806 1197 4
799 1126 956 1244 S
960 1129 1041 1240 .

550 1188 688 1311 en
679 1188 720 1314 .
913 1199 1013 1239 unha

147 1259 200 1305 ta
730 1258 732 1262 —
897 1257 1046 1301 entaten

28 1345 32 1355 (
58 1199 268 1374 6
398 1239 522 1366 2.
458 1222 728 1371 LeRei
739 1324 815 1361 nur
829 1316 940 1364 deren
948 1313 1044 1360 Ma-

59 1372 203 1458 ximen
223 1387 265 1436 in
278 1317 639 1448 Eisrichtung,
661 1383 696 1430 n
716 1369 1051 1450 Erhaltung
1030 1365 1051 1456 /

68 1459 204 1528 und
169 1445 218 1528 in
219 1445 588 1528 Befoͤrderung
609 1463 675 1520 des
690 1455 975 1516 Wachschums
990 1461 1047 1517 ih⸗

58 1536 136 1599 res
144 1533 304 1599 Staats
320 1540 516 1591 voran
495 1523 519 1599 /
528 1540 606 1588 und
620 1549 706 1598 zum
718 1523 1050 1599 Fundament

76 1603 286 1669 derjenigen
305 1605 608 1668 Reflexionen
632 1604 723 1658 ſetzet
760 1612 765 1653 /
803 1603 936 1655 welche
961 1617 1048 1665 zum

77 1667 295 1735 Gebrauch
301 1658 378 1717 des
383 1670 527 1732 Adels
516 1661 536 1735 /
557 1672 637 1714 und
656 1667 748 1712 aller
764 1665 975 1725 derjenigen
989 1670 1053 1716 be⸗

72 1733 226 1794 qvemet
236 1737 371 1788 ſeynd
365 1723 386 1794 /
401 1730 509 1785 ſoam
509 1723 618 1783 Hofe
626 1728 687 1779 ihr
697 1725 830 1778 Gluͤck
845 1740 890 1790 zu
899 1734 1055 1786 machen

30 1804 158 1888 und
176 1807 218 1854 zu
234 1787 420 1851 beſeſtigen
434 1789 661 1853 gedencken
646 1787 666 1858 /
694 1792 732 1842 ſo
744 1792 781 1850 iſt
791 1797 853 1842 der
869 1787 982 1846 Titul
990 1805 1053 1848 ge⸗

80 1859 310 1918 Rnuar.
321 1854 435 1923 1696.
628 1849 683 1914 —
918 1853 1056 1907 aͤnders

1250 321 1256 328 2
1252 216 1256 221 4
1265 130 1267 134 .
1254 6 1268 73 N
