1280 2106
236 34 288 115 16
444 35 671 115 Politiſche
706 35 1026 115 nterweiſungen

242 132 339 205 alles
359 132 446 205 Gute
460 132 522 205 ein
527 141 716 198 Intereſſe
724 132 1227 202 formme/muͤſſe
1041 132 1109 205 man
1129 132 1227 205 noth⸗

243 200 459 261 wendig
401 196 455 268 des
486 209 592 264 lncere
594 153 911 268 epebengwas
918 200 1126 261 chun/wenn
1137 209 1225 245 mau

245 253 468 317 nothwendig
491 250 600 320 Gutes
620 250 700 320 thun
721 250 835 320 muͤſſe;
857 250 977 320 dahero
1000 250 1055 320 das
1086 250 1226 320 Sprich⸗

400 307 1065 372 ommen;
604 307 754 372 Niches
773 307 903 372 wieder
929 307 1072 372 nichto.
1075 314 1224 359 Do,
1182 307 1224 372 ut

188 370 330 418 des;
368 377 473 412 tacio,
484 373 528 405 ut
545 363 1220 425 facig

258 424 1166 486 .

249 472 407 544 —Von
425 472 515 544 fünff
539 472 677 544 Mapſoren
689 491 707 530 /
722 431 1056 542 Se⸗
1066 485 1221 541 des

361 601 362 652 n
448 591 607 644 Eingange
613 589 721 652 dieſes
739 589 901 652 Capituls
948 596 1007 644 ſaget
1038 601 1078 635 der
1123 600 1229 640 Auton,

255 622 368 715 Wwie
461 622 512 715 die
528 622 706 715 Polntſche
730 622 984 715 Ktugheitnicht
1100 646 1227 698 alleininEw⸗

345 700 954 758 Meichtung
543 700 613 763 des
637 700 758 763 Staack
792 700 939 758 aſpnderm
963 700 1051 760 auch
1058 700 1099 763 in
1103 702 1226 763 deſſen

239 758 453 811 Echaltung
460 752 647 817 beſtunde.
673 752 947 817 oDannenhers
969 759 1010 801 er
1019 765 1097 812 won
1107 757 1234 817 dieſen

241 811 372 875 allhier
391 811 563 875 handeln/
588 811 651 875 von
668 811 805 875 deſſen
808 811 1228 875 Wachsthum
1075 811 1162 875 aber
1180 811 1228 875 in

241 869 423 924 folgendes
444 861 581 924 Capitul
592 861 675 924 ſeine
698 861 865 924 Lehrſaͤtze
876 861 1048 924 derſparen
1065 861 1228 924 wollen

277 922 763 1026 .
768 922 845 988 den
840 922 1231 977 Maximenſchreitet
1217 922 1231 988 z

244 980 298 1024 die
306 990 348 1041 zu
366 978 565 1032 Erhaltungdes
635 972 981 1039 Staatsgehdren/
997 979 1085 1044 ſetzet
1095 990 1130 1023 er
1144 982 1225 1034 erſt⸗

244 1033 305 1097 lich
323 1033 375 1097 die
394 1033 420 1097 F.
418 1034 889 1097 Veranlaſſungen/wie
843 1033 901 1097 ein
920 1033 1023 1097 Staat
1042 1033 1145 1097 konne
1164 1041 1226 1083 un⸗

241 1088 422 1153 tergehen:
426 1088 1235 1153 enhuederdurch
774 1088 837 1153 die
855 1088 1062 1153 Vergehtung
1074 1088 1094 1153 /
1105 1088 1235 1153 welche.

241 1143 303 1211 die
316 1143 547 1211 Unterthanen
566 1143 1146 1211 gegemihre⸗Oberherrengragen;
1173 1159 1231 1191 in⸗

241 1198 305 1259 dem
329 1198 385 1259 ſie
397 1198 519 1259 ſelbige
539 1208 576 1250 zu
594 1198 660 1259 der
681 1198 873 1259 Regierung
890 1198 1068 1259 untüuchtig
1094 1204 1226 1252 halten:

242 1251 346 1314 Oder
370 1251 482 1314 durch
501 1254 570 1296 den
585 1251 699 1304 Haß
676 1251 694 1314 /
713 1255 766 1297 die
778 1251 832 1314 ſie
827 1253 942 1308 wider
951 1254 1076 1310 ſelbige
1095 1257 1204 1313 hegen
1212 1268 1236 1303 /

243 1306 425 1370 waun.ſie
442 1304 638 1376 laſterhafft
659 1304 782 1376 ſeynd:
814 1309 926 1361 Oder
938 1313 1053 1366 durch
1072 1304 1135 1376 den
1163 1312 1228 1363 ln⸗

244 1359 452 1426 gehorſam./
465 1363 633 1427 wann
575 1359 629 1430 ſie
635 1362 783 1430 ſuͤren
773 1359 787 1430 /
806 1366 866 1418 daß
870 1365 1022 1426 ſelbige
1035 1363 1235 1424 ohumaͤch⸗

245 1426 298 1470 tig
322 1417 382 1467 und
403 1414 479 1477 ohne
489 1418 1080 1477 Autoritat
713 1414 842 1477 ſeynd:
862 1414 950 1477 Oder
970 1414 1072 1477 durch
1091 1424 1144 1467 die
1165 1414 1235 1477 Un⸗

245 1471 426 1570 SMAtse⸗
453 1471 551 1537 wann
573 1471 755 1537 entweder
777 1471 840 1537 die
862 1471 994 1537 Großen
1011 1480 1075 1522 des
1087 1477 1231 1530 Reichs

281 1543 302 1571 6

350 1529 456 1589 ionen
466 1529 630 1596 machen
619 1526 632 1596 /
637 1531 720 1587 oder
749 1532 804 1579 das
827 1526 925 1596 Volck
944 1526 1042 1596 einen
1040 1526 1233 1585 Aufſtand

200 1584 356 1632 wider
366 1581 458 1646 ihren
475 1581 627 1646 Fuͤrſten
652 1581 714 1646 und
718 1581 1100 1646 Obrigkeit
944 1581 1109 1646 erhebet:
1117 1586 1238 1635 Oder.

239 1633 333 1703 wenn
358 1633 495 1703 endlich
514 1641 573 1688 ein
592 1633 710 1703 Staat
710 1633 997 1703 verwegentlich
1015 1642 1110 1687 einen
1132 1643 1236 1697 Krieg

240 1693 392 1749 anhebet
401 1705 418 1746 /
430 1693 592 1758 dadurch
611 1704 638 1754 er
640 1699 746 1754 unter
751 1700 808 1742 die
838 1693 956 1758 Gewalt
978 1696 1082 1752 ſeines
1097 1696 1236 1756 ſiegen⸗

412 1812 424 1859 dieſe
501 1810 578 1860 funf
600 1808 1063 1862 Vevantaſſungen
915 1808 954 1862 zu
975 1808 1063 1862 einen
1128 1815 1231 1855 Staats

607 1854 770 1925 zudeſſen
798 1854 1031 1925 Permeidung
1045 1854 1128 1925 funf
1134 1863 1243 1925 Ma⸗

256 1932 417 1963 6
1107 1929 1241 1972 ximem
