1202 1636
203 126 1060 199 Es was ein mal ein reicher baur dẽ
203 187 1060 256 wardt allzeit ſein leben ſaur m ſturben
203 240 1060 313 weib vnd knde /er dacht im vmb eun gů
203 297 1060 365 te pfrund vnd wo er die moͤcht fynden.
203 347 1060 420 ¶ Eins mals erdacht er im ein ſynn / er
203 405 1060 473 geing zů einẽ cloſter hiñ / zů den mimchẽ
203 457 1060 533 thet er lauffen / vmb hundert guldẽ thet
203 513 936 581 er im ein gůtte pfrundt kaufſen.
203 567 1060 638 Sie ſchnittẽ im ein kuttẽ an / recht wie
203 620 1060 686 eim leyen brůder / biſtu deñ ein bidermã
203 674 1060 744 ſo nym dẽ orden zů dir / des daucht auch
203 730 1060 796 ſich der baur gemeyt / do er die kuttẽ ane
203 783 1060 852 leyt / er gleicht ſich einem pfaffen / er kort
203 838 1060 908 ſich fürbas nitt mer dran / vndwas man
203 892 590 957 het ʒů ſchaffen.
203 944 1060 1014 Da das ein lãge zeit gewert / der baur
203 999 1060 1069 ſich nit me drane kert / es thet die munch
203 1052 1060 1124 ver drieſſen / ſie hetten all ein gemeinen
203 1107 936 1173 rat / nůn hoͤrt was ſie in hieſſen.
203 1160 1060 1233 Nůn nym do war der rechtẽ zeyt / vnd
203 1217 1060 1287 lůg was dir daranne leyt/ zů der metten
