1699 2687
636 61 778 73 —
922 62 1000 78 —
1118 66 1160 79 —

287 371 362 399 Vom
385 372 510 406 Gerippe
533 372 582 397 der
601 369 795 405 Säugethiere.
933 372 979 404 27

103 450 334 492 Menschen,
373 451 540 496 doppelt.
624 447 773 483 Meines
809 452 978 488 Wissens

101 512 186 546 sind
200 514 251 547 sie
264 514 332 558 bey
351 514 421 548 den
435 513 712 560 Quadrupeden
724 512 816 548 weit
833 515 978 560 gröſser

98 577 151 609 als
178 577 292 620 beym
313 577 544 619 Menschen,
569 579 698 612 zumal
725 578 795 622 bey
821 579 892 612 den
915 591 976 624 pe-

99 639 240 674 coribus
254 652 331 673 von
347 631 590 674 auffallender
602 644 733 689 Länge
748 642 826 690 und
837 642 975 692 Weite.

97 703 145 736 80
170 702 265 735 auch
293 701 348 736 im
373 704 719 755 Hasengeschlecht
740 696 792 749 *

463 826 508 874 F.
541 834 596 867 16.
732 878 736 892 a

176 877 386 946 Besonders
403 886 559 954 merky
566 902 676 952 ürdig
699 877 794 945 r!
807 880 901 962 bey,
900 905 975 941 den

97 964 260 1012 meisten
284 967 472 1013 hecoribus
495 956 554 1001 die
577 981 623 1002 an
648 969 713 1003 der
734 956 975 1023 Auſzenseite

94 1027 159 1061 der
192 1028 412 1077 Oberkiefer
446 1032 565 1071 neben
603 1031 689 1072 den
707 1013 973 1085 Nasenheinen

94 1090 349 1135 befindlichen
383 1070 721 1148 grubenformigen
743 1075 972 1138 Eindrüche

94 1169 181 1206 von
210 1158 282 1193 den
304 1158 449 1200 auſsen
482 1160 598 1211 daran
633 1159 828 1212 liegengen
853 1149 972 1218 söge⸗

94 1230 264 1272 nannten
291 1222 424 1275 sinibus
447 1224 611 1265 gebaceis.
640 1245 707 1275 —
732 1223 860 1276 Beym
890 1219 970 1282 Ha-

92 1298 178 1328 sen,
209 1285 274 1320 der
299 1287 393 1320 auch
421 1288 562 1331 hierin,
570 1301 636 1330 30
664 1288 737 1323 wie
763 1288 809 1331 in
825 1301 867 1331 so
893 1290 968 1325 vie-

90 1352 152 1398 len
183 1353 324 1387 andern
353 1353 531 1392 Stücken
552 1354 675 1389 seines
703 1350 842 1414 Baues,
882 1355 967 1391 eine

89 1428 131 1450 80
182 1414 409 1460 auffallende
454 1399 726 1464 Aehnlichkeit
755 1407 841 1470 mit
889 1422 963 1458 den

87 1480 429 1525 wiederkauenden
458 1483 621 1519 Thieren
649 1484 752 1528 jener
777 1488 963 1537 Ordnung

832 1555 966 1602 Zeigt,

437 1637 442 1639 1
539 1651 541 1654 *
672 1652 703 1668 14
809 1657 839 1664 1

149 1663 181 1703 )
205 1662 271 1701 Bey
295 1664 472 1702 manchen,
503 1667 567 1697 wie
589 1678 617 1699 z.
636 1669 674 1701 E.
696 1670 793 1710 beym
817 1671 955 1710 Löwen,

199 1718 273 1747 sind
304 1719 357 1749 die
389 1722 558 1763 Ausgänge
583 1725 690 1755 dieser
713 1726 844 1766 grofsen
867 1718 954 1766 Oéff.

198 1784 331 1813 nungen
355 1786 406 1805 am
426 1778 569 1808 Gaumen
593 1790 686 1819 sogar
703 1782 796 1821 beym
816 1784 953 1814 lebendi-

196 1839 258 1866 gen
283 1830 403 1861 Thiere
431 1834 505 1863 sehr
534 1835 693 1873 sichtlich.
719 1853 760 1861 —
795 1849 821 1870 6,
838 1841 877 1875 J.
894 1830 950 1875 Ex.

179 1885 402 1927 Ribenz's
436 1890 621 1931 Abbildung
649 1892 705 1922 des
728 1894 862 1929 zahmen
889 1897 950 1926 Lö-

181 1951 290 1981 wen,
313 1944 371 1974 der
386 1947 476 1981 1760.
498 1947 534 1976 in
556 1947 779 1980 Deutschland
795 1961 834 1984 zu
845 1951 949 1982 schen

194 2009 356 2039 gewesen,
379 2011 428 2043 gr,
443 2003 511 2034 Fol.
646 2023 648 2026 d
689 2033 714 2037 el
