1157 1833
596 148 1067 246 arer bericht
357 239 1157 327 iſt fleyſch/ was aber vom
353 307 1157 401 Geyſt geboren iſt das iſt
352 367 1157 458 Geyſt / Denn das wir zum
351 430 1157 523 warhafften leben gebracht
349 499 1157 586 werden/ iſt vom heyligen
346 556 1157 646 Geyſt / vnud nicht auß des
345 621 1140 713 ſterblichen Adams fleyſch.
368 739 1157 837 Auguſtinus vnd etliche
166 793 1157 904 er ei andere verſtehen das fleiſch
162 875 249 921 ſtan
162 837 1157 959 ee u / fur Chriſti fleyſch / das der
162 915 1157 1031 guſtu' erſtandt ſey / das Fleiſch iſt
253 1000 1157 1089 kein nuͤtze/ nemlich alſo/ wie
162 1068 1157 1150 Capernat es die Capernaiten verſtun⸗
162 1121 1155 1213 ten · den/ Dann fleyſch verſtun⸗/
313 1190 1154 1279 den ſie / wie es zur fleyſch⸗
317 1252 1144 1338 banck bereytet / vnnd auß⸗
314 1314 1150 1402 gehawen wirdt / vnd nicht
313 1379 1145 1465 das lebet / Darumb iſts alſo
312 1444 1144 1534 geſagt worden / Das fleiſch
882 1521 1122 1598 iſt
