1530 2382
355 1259 465 1305 “Niß
485 1256 519 1303 zu
539 1244 742 1311 eemuen,
732 1251 808 1330 "als
826 1251 931 1330 ihnen‘
931 1252 995 1320 den
1009 1256 1187 1316 Anfangs

359 148 469 224 106
493 167 560 256 TIL
587 167 705 256 Möfeh.
721 167 783 256 von
804 167 989 256 Anlegütig
999 167 1071 256 und
1099 167 1298 256 Gründung

372 272 605 341 werfsgeräthe
617 278 747 332 Kekoftet
758 276 825 340 Hat
829 270 967 329 und
908 270 963 341 daß
977 279 1053 321 man
1064 276 1168 331 ihieh
1170 276 1235 319 die
1229 278 1337 329 übrige

374 342 497 391 Selfee‘
516 345 554 403 na
594 329 668 407 und’
671 342 752 386 nach
757 336 831 383 alle‘
826 330 940 409 Nahre
948 335 1065 382 etwas
1069 339 1225 393 weniges
1228 342 1337 403 Bejahs

354 400 432 443 ‘Ten
448 398 554 454 Täßez
563 395 963 449 indem
686 395 753 454 man
770 395 963 449 dadureyein
988 395 1077 454 Mecht
1093 395 1221 454 Gehalte
1237 397 1337 452 wird,

379 465 443 515 auf
451 454 681 517 undrdentliche
699 459 812 517 Wirrhe
825 454 1014 517 auferkfam
1032 454 1064 517 zu
1081 454 1160 517 (ht,
1167 454 1217 517 daß
1239 454 1262 517 ic
1279 454 1337 517 das

378 525 704 575 Handwerksgeräthe
715 529 797 572 nicht
809 527 984 575 veräußern
1007 525 1133 575 dürfen,
1169 522 1338 575 Wenin’fie

376 598 449 627 num
471 586 692 634 folchergeflalt
704 599 743 637 zu
763 589 898 629 arbeiten
917 589 953 630 in
978 587 1099 630 Stand
1125 586 1239 637 gefeket
1251 586 1338 638 findz

376 650 412 697 fo
430 645 547 693 müffen
569 646 606 695 fie
621 656 716 700 gegen
734 651 874 707 Fünftige
891 650 1084 707 Bezahlung
1102 650 1162 691 mit
1176 652 1270 689 denen
1287 648 1340 689 ers

232 708 359 731 11977
381 699 441 763 fen
469 699 663 763 Matetialich
682 699 816 763 verfehen
819 699 978 763 werden;
998 703 1043 750 um
1062 712 1137 763 ihre
1161 699 1261 753 Arbeit
1277 717 1338 752 ans

374 766 508 817 fangen
518 766 568 817 zu
571 768 717 817 Förinen‘,
740 761 862 809 davon
873 760 945 809 toir
942 759 1339 832 fogleich
1101 759 1153 832 bei
1192 759 1339 832 Gelege:

299 837 336 885 =
377 830 444 882 Weit
456 829 515 873 des
529 829 869 885 Manufacturhaufes'
879 832 915 874 in
930 831 1092 884 mehrern
1091 827 1251 883 Handeln
1252 824 1336 871 wer

351 890 480 935 dem
486 888 631 976 "Endlich
647 896 728 972 aber
728 896 832 970 wird!
823 894 872 963 "eg
887 888 1004 972 Höfhig
1014 887 1108 973 femm)
1112 894 1193 960 daß
1200 893 1264 966 die
1266 891 1336 954 Res

371 953 522 1006 gierung
554 953 557 966 ‘ein

351 974 431 1080 Die
459 974 586 1080 NEO’
605 974 697 1080 YaGE
718 978 785 1072 über
804 1008 883 1065 ag
883 1002 1003 1074 Hoiffes
1027 1002 1190 1074 Prämiitih
1212 1002 1335 1074 bor’ein

350 1072 461 1123 jedes
482 1069 606 1119 Stück
608 1069 852 1132 Seidenzeug‘,
865 1074 961 1123 Ze
974 1076 1038 1119 und
1054 1069 1134 1127 feine
1154 1063 1340 1132 eineroand,

371 1140 423 1179 die
450 1138 535 1184 nad)
545 1135 744 1193 Vöokfehrife'
750 1141 814 1181 der‘
818 1138 1037 1193 Reglements
1058 1133 1254 1193 verfertiget
1254 1130 1338 1187 find,

369 1197 573 1249 auszahlet‘;
578 1194 700 1251 fowohl
724 1194 792 1243 um
796 1201 880 1250 diefe
891 1197 1030 1252 Meifter
1039 1194 1080 1276 zu
1090 1194 1187 1276 ’defto
1186 1197 1334 1279 vehrern

368 1317 466 1373 “Sohn
477 1309 537 1373 der
542 1312 752 1366 Spinnerey
757 1309 953 1371 übertragen!
958 1317 1009 1368 zu
1011 1310 1164 1373 Helfen.”
1171 1315 1234 1363 E&
1242 1310 1334 1364 Wies

351 1373 487 1429 genug
494 1368 575 1433 fenh,
589 1375 670 1417 Wehn
685 1377 727 1427 fie
740 1376 807 1432 Vor
811 1371 900 1425 jedes
905 1377 1018 1421 Stück
1045 1368 1245 1433 Seidenzetig,
1259 1369 1336 1433 Zuch

351 1441 442 1482 hd
453 1434 540 1511 feine
548 1438 728 1496 Seinetvand
736 1439 817 1491 jiwen
825 1433 970 1513 NRehaler
982 1437 1177 1514 Prämium’
1178 1440 1334 1514 bejahlet;

349 1505 357 1513 “
370 1508 443 1546 ind
461 1500 570 1547 wenn
576 1500 656 1546 mat
662 1503 871 1556 annimmt,
879 1505 969 1557 Saß
961 1505 1031 1549 von
1041 1500 1166 1556 folchen‘
1179 1505 1333 1564 nenanNgE

368 1562 492 1623 Hhenden
509 1560 806 1635 Matinfacturiers
819 1568 972 1620 jähelich
969 1569 1069 1620 4500
1095 1556 1195 1635 Stic
1222 1556 1334 1635 verfers

347 1623 471 1679 "iget
479 1622 834 1677 werben
649 1615 681 1687 fo
705 1622 818 1677 soeben
834 1620 955 1682 Bietzla
953 1628 1044 1681 Dre
1056 1615 1331 1687 Zehemthäle'
1280 1615 1331 1687 des

366 1689 516 1741 Jährlich
518 1687 713 1743 beftimmten
723 1685 925 1755 Aufitvandes
936 1683 1099 1748 erfordert,
1128 1678 1197 1755 "Es
1215 1678 1331 1755 bleiben

362 1748 534 1795 “demnach
540 1740 609 1813 noch
622 1751 695 1809 drey
698 1736 970 1826 Ziwanzigeheile’
975 1747 1043 1793 von‘
1043 1747 1107 1793 der‘
1101 1738 1235 1826 FAhelieh
1251 1745 1266 1816 a
1252 1747 1330 1797 aus

366 1803 580 1881 ‘gerwörfenen‘
591 1801 745 1889 Summe
763 1801 881 1889 übrig;
859 1835 894 1880 %
878 1811 972 1883 und
953 1802 964 1884 )
978 1802 1056 1884 diefe
1070 1802 1204 1884 müffen‘
1200 1810 1242 1865 zu
1248 1809 1332 1861 Un:

1221 2112 1333 2157 Bett

348 1870 564 1928 “Ferhaltung
569 1871 663 1914 eines
932 1868 955 1883 ufes
967 1868 1184 1924 verwendet
1194 1872 1328 1931 werden,

352 1926 487 2008 "wovon
512 1934 608 2020 (wir
602 1928 792 2021 nk
785 1926 923 2034 Ay
928 1925 1163 2026 ausführlicher
1186 1933 1327 2031 Hide

435 2056 614 2087 "Fender
632 2028 763 2094 NS
757 2058 806 2086 ne
823 2012 895 2094 an
905 2043 1037 2093 EC
1108 2042 1317 2087 mE
