1537 2390
387 659 604 765 Erfier
641 662 944 750 Mbfehnite,

188 881 273 949 der
297 870 701 949 Nothwendigkeit
720 880 820 940 und
851 886 953 944 dem
976 884 1160 957 Nırker

238 959 352 1019 der
375 957 715 1021 Manufacturen.
739 965 826 1023 und
851 965 1070 1027 Fabriken.

484 1187 747 1245 ‚Sefhichlichfeit
783 1203 835 1239 der
861 1199 1033 1252 Menfehen
1068 1206 1151 1256 mehr
1168 1265 1172 1269 |

489 1259 665 1299 bearbeitet‘
679 1266 819 1312 werden,
853 1268 998 1308 nachdem
1023 1268 1060 1316 fie
1090 1265 1183 1308 von!

490 1327 541 1361 der
555 1323 683 1373 gütigen
699 1325 798 1373 Hand
822 1329 873 1367 der
886 1328 1003 1368 Natur
1025 1331 1146 1379 hervor:
1163 1317 1187 1358 fi

190 1335 337 1431 ar
348 1384 423 1432 find,
434 1388 498 1422 und
515 1393 599 1432 zwar
615 1386 648 1424 in
667 1391 718 1425 der
731 1387 864 1435 Abficht,
878 1393 930 1427 der
943 1391 1071 1440 wahren
1086 1397 1158 1432 oder

191 1443 410 1499 eingebildeten
436 1446 662 1492 menfehlichen‘
675 1445 863 1496 Norhdurft
893 1452 971 1499 defto
1000 1451 1090 1497 beffer
1118 1464 1158 1499 zu

191 1502 304 1549 ffatten
325 1502 363 1548 zu
383 1502 543 1549 Fommen,
568 1505 635 1549 find
654 1505 688 1543 in
715 1505 955 1555 weitlduftigem
977 1504 1161 1555 Berftande

192 1561 415 1612 Manufachuir
430 1566 495 1598 und
508 1561 809 1608 Fabrifenarbeiten,
855 1564 955 1612 Kurz,
970 1567 1027 1618 alle
1042 1568 1156 1608 Werke

192 1627 245 1663 der
258 1623 363 1671 Kunft
376 1623 441 1672 find
456 1623 489 1661 in
512 1623 723 1672 allgemeinem
741 1623 920 1680 Berftande
939 1630 1088 1666 darunter
1107 1630 1158 1668 bes

191 1685 328 1735 griffens
365 1689 430 1724 und
454 1694 538 1734 zwar
561 1685 617 1735 hat
645 1687 703 1722 das
726 1683 830 1724 Wort
850 1686 957 1735 Kunft
976 1688 1041 1737 hier
1066 1691 1155 1731 einen

193 1743 226 1790 fo
245 1747 494 1796 weitfchichtigen
517 1745 667 1797 Begriff,
699 1746 761 1794 daß
784 1759 861 1787 man
886 1750 931 1788 die
950 1749 1156 1802 Bemühung

193 1804 249 1840 des
262 1808 396 1855 ärmften
417 1817 509 1848 unter
525 1814 580 1848 den
601 1808 804 1859 Sandleuten,
834 1815 887 1849 der
908 1810 1018 1858 Meifer
1038 1812 1158 1858 zufams

195 1871 266 1899 men
282 1867 395 1917 binder,
421 1882 478 1909 um
501 1872 586 1910 einen
606 1870 711 1917 Befent
732 1873 853 1911 daraus
874 1884 911 1920 zu
931 1874 1065 1916 machen;
1094 1875 1157 1916 mit

195 1922 286 1970 diefer
293 1924 498 1982 Benennung
513 1933 639 1983 beehren
653 1931 744 1979 muß.
788 1933 844 1983 Yun
860 1933 965 1980 diefem
973 1932 1156 1983 Verftande

193 1985 328 2036 gehören
344 1988 487 2034 demnach
500 1995 557 2032 alle
571 1992 784 2041 Handwerfe,
821 1997 854 2040 ja
876 1994 933 2033 alle
956 1993 1156 2041 Handarbeiz

195 2053 266 2099 fen,
290 2046 457 2131 ‚DH
477 2056 522 2094 die
550 2065 616 2100 von
644 2053 831 2095 der-Matır
860 2055 1163 2106 hHervorgebrachten

671 2115 749 2158 42
931 2131 934 2135 “=
1040 2119 1184 2170 DMge:

461 1109 504 1173 de
516 1134 647 1184 Dinge,
673 1137 719 1175 die
733 1139 826 1180 durch
844 1142 900 1176 den
916 1099 1018 1188 Steig
1027 1115 1095 1179 un
1111 1133 1161 1181 die
1166 1154 1239 1250 Sn
1253 1157 1320 1244 Mer
