1533 2397
311 194 373 236 der
387 176 682 241 Manufacturen
705 190 781 232 und
796 165 1008 238 Fabriken.
1067 197 1133 230 30
1138 198 1160 239 5

196 296 271 332 dene
283 286 436 337 Fabriken
444 287 548 338 Haben
563 289 636 336 diefe
650 287 764 336 Regel
773 287 834 325 -mit
855 291 955 334 gutem
973 283 1096 331 Nugen
1111 285 1162 328 bes

197 351 406 400 folget5-und
421 361 496 390 man.
511 351 566 401 hat
579 351 652 389 eben
666 349 758 396 diefes
767 349 823 397 ben
835 348 914 386 einer
922 345 1161 389 Cammertuchs

197 410 323 462 fabrife.
335 411 370 451 in.
394 412 585 461 Schleswig
607 408 798 457 beobachtet,
834 410 882 448 die
901 406 1078 457 überhaupt
1098 409 1161 448 mit

198 472 316 523 großer
335 473 491 527 Klugheit
510 473 701 524 eingerichtet
723 472 760 520 ift
782 475 848 512 und
874 468 921 512 die
937 468 1002 521 (ehr
1017 468 1079 508 viel
1086 478 1162 547 ver

193 532 364 620 fprichten
640 564 644 568 |

274 681 442 773 Nachdem
457 716 518 757 wir
532 716 579 757 die
596 715 659 757 Art
672 719 737 755 und
704 659 735 771 db
763 715 859 764 Bei
878 721 1085 766 vorgefragen
1106 677 1162 765 iu
1172 721 1222 774 uf
1234 722 1275 772 mag
1287 721 1325 773 Mr

197 776 395 827 Een;wie-die
408 779 596 829 Regierung
603 780 659 819 die
671 779 981 832 SGefellfchaften.am:
989 778 1085 825 beften
1101 787 1160 816 uns
1172 776 1325 828 Merufactus

198 842 357 889 terftüßen
362 842 460 888 Fann,
482 830 536 901 die
553 830 696 901 Fabrifen
713 830 862 901 anlegen;
872 852 878 856 -
880 839 921 883 fo
938 839 1081 884 Fommen
1097 839 1159 882 wir
1166 825 1212 917 san
1229 829 1264 880 Der
1269 825 1312 917 Ster

198 900 381 946 nunnıehro.
384 897 455 945 auf
467 898 514 935 die
538 895 775 943 Unterftüßung
792 899 849 931 der
859 895 985 941 einzeln
982 894 1159 943 Manufar
1170 885 1312 941 Inrerfrügen

197 957 337 998 cfuriers:
353 960 422 996 und
439 954 574 1003 -Meifter
599 955 774 1005 bey-denen
789 949 942 1005 Seiden:
968 949 1083 1005 Wollen
1097 936 1203 997 und

198 1017 571 1069 Seinenmanufacturen
563 1016 580 1069 ;
595 1018 649 1059 als
670 1017 725 1069 ben.
745 1017 877 1061 welchen.
898 1016 960 1056 wir
979 1017 1026 1064 die
1044 1016 1165 1065 Scefells

200 1082 411 1133 fhaften,
359 1080 421 1133 als.
422 1081 700 1133 Entreprenneurs
713 1080 869 1133 derfelben,
886 1080 964 1133 nicht
980 1089 1029 1124 vor
1034 1080 1166 1133 dienlich

198 1146 339 1194 erachtet
337 1142 452 1194 haben.
477 1137 544 1180 Da
555 1137 627 1188 hier
634 1143 701 1180 das
709 1137 1011 1186 Hauptaugenmerk
1021 1144 1077 1179 der
1090 1139 1162 1178 Nes

199 1203 339 1254 gierung.
339 1199 448 1250 dahin
468 1200 611 1249 gerichtet
624 1199 696 1248 feyn
714 1197 806 1246 muß,
844 1197 917 1247 diefe
937 1197 1055 1239 Leute
1044 1210 1079 1239 in
1104 1204 1164 1244 den

201 1262 330 1311 Stand.
343 1273 384 1310 zu
407 1262 505 1311 (eben,
531 1262 594 1309 daß
612 1263 650 1312 fie.
677 1262 733 1311 fich.
753 1261 838 1312 (elbft.
858 1261 1001 1313 verlegen
1024 1263 1167 1313 Fönnens

201 1324 287 1375 fo:ift
301 1324 361 1370 das
374 1326 465 1377 erfte;
491 1334 570 1368 was.
582 1326 620 1375 fie
639 1326 801 1379 hierinnen
819 1325 902 1376 chun:
924 1326 1018 1375 Fan,
1043 1326 1106 1375 daß
1126 1328 1166 1375 fie

201 1388 345 1439 diefelben
361 1390 422 1436 mit,
440 1388 689 1440 Stühlen-und
704 1388 992 1439 Handıwerkszeuge
1005 1399 1043 1437 zu
1056 1388 1170 1431 Ausis

202 1448 286 1499 bung
302 1448 386 1499 ihrer
386 1448 713 1499 Manufacturarbeit
725 1448 878 1499 verfichet.
905 1448 1002 1499 Wenn
1014 1487 1073 1499 man
1091 1459 1167 1494 vors

201 1506 355 1556 ausfeßet,
369 1504 422 1563 daß
438 1504 525 1563 unter
542 1504 646 1563 den:so
662 1504 827 1563 gefehiekten
843 1504 978 1563 fremden
994 1504 1166 1563 Arbeitern,

201 1566 312 1618 welche
325 1566 372 1605 die
383 1564 571 1614 Regierung
584 1565 730 1613 vermöge
744 1568 796 1603 der
802 1562 1068 1611 auszuzahlenden
1080 1563 1165 1612 Reis

202 1631 331 1682 feoften
338 1627 469 1680 jährlich
484 1626 518 1665 in
527 1630 586 1666 das
594 1624 791 1676 Sandziehet,
809 1636 862 1675 30
884 1620 1012 1682 Seiden:
1033 1620 1167 1682 Wollens

204 1685 266 1739 und
279 1688 517 1739 Seinenarbeiter
533 1690 619 1739 find;
636 1691 703 1735 und
710 1699 803 1738 wenn
818 1699 896 1728 man.
910 1687 1086 1731 annimmt,
1101 1685 1167 1734 daß

206 1754 256 1797 ein
263 1754 379 1807 Stuhl
388 1748 786 1802 undiHandwerkfsgeräthe
793 1760 853 1792 vor
861 1751 951 1791 einen
963 1747 1114 1792 Arbeiter,
1122 1746 1166 1786 eis

206 1817 310 1863 Nenin
323 1822 383 1866 das
396 1820 492 1855 andre
504 1819 668 1866 gerechnet,
679 1825 725 1862 so
734 1813 831 1863 rthlr,
843 1813 968 1862 Foftet
950 1809 968 1866 5
975 1811 1014 1862 fo
1028 1809 1113 1848 wird
1126 1810 1165 1858 fie

209 1882 273 1911 nur
282 1879 338 1923 den
347 1860 546 1933 iwanzigften
554 1876 645 1929 Theil
651 1879 777 1927 vonder
783 1873 913 1928 jährlich
916 1853 1166 1926 ausgeworfnen

210 1931 360 1976 Summe
367 1941 477 1994 nöchig
486 1931 732 1994 haben,um
665 1931 740 1994 diefe
754 1950 789 1986 30
791 1937 955 1987 Arbeiter
944 1932 1047 1984 damit
1053 1944 1090 1983 zu
1098 1945 1168 1991 vers

210 1994 367 2044 fehen,
327 1990 361 2057 Es
375 2001 456 2040 wird
464 2001 603 2053 rachfam
611 2000 755 2050 fenn,daß
761 2011 838 2040 man
851 1998 946 2048 ihnen
952 2004 1015 2033 nur
1028 1980 1173 2059 dieSelfe

211 2064 241 2097 te
257 2062 309 2098 der
323 2055 473 2101 Summe
490 2065 627 2115 (chenfet,
637 2069 708 2103 was
723 2066 774 2101 der
787 2058 901 2108 Stuhl
914 2059 979 2098 und
987 2060 1046 2098 das
1054 2060 1167 2108 Hands

678 2122 762 2172 65
1052 2121 1168 2161 werfss
