1789 2353
279 158 357 229 Ego
375 158 488 229 igitur
512 158 575 229 qua
593 158 707 229 optim
744 166 813 207 eſſe
831 162 925 214 rebar
943 158 1069 229 partim
1082 169 1182 201 nune
1189 168 1259 198 uos
1275 153 1331 213 ad

281 216 425 280 monui,
435 226 561 273 partim
577 216 665 280 omni
694 220 776 257 uitæ
788 217 910 264 tẽpore
923 209 1230 256 admonebo.
1162 209 1225 268 Vos
1244 216 1331 260 autẽ

286 287 373 312 cum
389 284 452 311 tria
463 272 530 310 ſint
540 270 759 309 morborum
771 275 901 316 genera
913 263 1053 299 utinam
1064 272 1112 298 ne
1121 270 1193 296 uos
1208 259 1237 296 ci
1240 255 1332 296 ſimi

285 325 337 364 les
352 323 513 373 preſtetis.
551 319 629 371 quod
648 313 842 371 inſanabile
859 305 923 373 eſt.
941 322 995 347 neu
1015 312 1066 347 ita
1077 316 1198 347 mente
1209 309 1330 354 ægro-
1360 304 1362 307 5

283 376 373 411 tetis
386 384 426 410 ut
436 372 566 421 pleriq;
588 369 872 446 ee
892 356 1195 409 ægrotare.
1104 352 1176 413 Ham
1204 356 1252 392 hi
1266 352 1336 402 qui

282 417 387 472 parua
405 422 598 459 ualitudine
616 427 647 453 ai
653 407 1129 465 guntur.
821 400 885 469 ipſi
902 407 1129 465 ꝓficiſcuntur
1148 404 1197 442 ad
1206 398 1304 456 medi
1313 402 1334 438 /

284 483 354 510 cos.
393 460 461 518 Qui
476 479 560 507 uero
568 464 732 518 grauiori
741 459 878 499 morbo
883 454 1148 505 premũtur.
1102 453 1137 509 ad
1155 453 1191 492 ſe
1199 456 1333 490 curan⸗

283 531 343 558 tes
357 518 604 556 accerſunt.
568 500 602 560 Ar
614 515 670 551 hii
679 512 749 560 qui
755 511 791 547 in
804 507 880 545 atrã
892 504 1000 542 bilem
1011 501 1245 543 inſanabiliter
1255 500 1334 537 trã/

286 552 402 607 ſuecti
417 565 506 605 ſunt.
520 578 554 602 ne
566 565 752 601 uenientes
776 555 944 606 quidem
952 553 1120 603 medicos
1133 552 1330 598 recipiunt.

287 617 425 667 Quod
435 628 505 654 uos
517 607 880 694 n
889 603 987 641 recta
996 597 1114 654 cõlilia
1134 597 1333 654 aſynantes.

370 693 582 765 Impreſſum
606 693 863 765 Rhoſthochii,
882 703 972 745 Anno
990 699 1072 739 dñi.
1092 697 1128 737 M.
1146 697 1187 736 D.
1200 692 1287 735 XV.
