1783 2349
508 191 578 246 tes.
588 193 666 243 ſcire
680 193 803 233 etiam.
810 191 838 244 ſi
844 192 892 232 ſit
900 204 1003 243 opus
1012 193 1350 244 cõtemnere.
1260 191 1334 246 Quæx
1356 195 1479 246 igił᷑
1443 191 1476 246 ea
1485 194 1560 238 ſint

505 245 550 288 &
553 245 884 296 quemadmodum
891 242 1110 282 dilcernatur
1118 247 1159 282 id
1166 246 1207 282 iã
1216 247 1321 282 uobis
1334 247 1455 294 aperiã
1464 246 1555 283 hin

505 292 658 333 ſumens
670 295 851 335 initium.

557 342 741 390 Ca.
639 337 665 390 I.
680 342 736 390 que
753 342 805 378 ad
812 351 985 379 æternam
994 341 1114 377 uitam
1122 337 1421 388 conſequendam
1428 340 1513 379 cõ/

585 389 747 432 ferũt.ea
754 391 829 427 lola
841 389 965 438 qᷓrenda
979 389 1068 438 eſſe.
1070 399 1115 425 ac
1131 389 1145 425 I
1152 389 1259 424 bonis
1272 390 1470 427 nũeranda.
1744 412 1770 428 3

771 450 819 476 os
830 440 987 486 quidem
987 435 1006 489 o
995 439 1097 475 fili
1106 439 1197 475 hanc
1218 440 1421 474 humanam
1430 441 1549 476 uitam
1738 416 1756 489 9

764 488 858 525 nihil
880 485 1007 534 omnino
1025 487 1104 525 eſſe
1128 485 1421 534 arbitramur.
1364 485 1427 534 nec
1438 486 1544 532 bonũ

611 535 655 577 N
752 538 864 585 gquic
878 537 1140 575 exiſtimãdum
1149 535 1335 573 cenſemus
1348 544 1429 583 neq;
1439 532 1549 583 appel

518 620 546 625 5
768 580 906 635 landum
926 580 1032 635 quodꝭ
1055 584 1206 621 utiliratẽ
1224 584 1337 622 nobis
1346 583 1490 631 hucuſq;
1502 580 1549 631 ſu

503 633 767 684 ppeditet.
695 633 750 684 non
776 636 860 682 itaq;
872 635 1174 683 dignitaten.
1103 633 1173 684 non
1191 634 1472 680 amplitudinem
1481 642 1550 669 ma

503 686 633 722 iorum.
656 692 716 720 non
739 686 904 731 corporis
917 682 1025 731 uires.
1044 682 1114 731 non
1128 682 1362 719 formam.
1315 682 1360 731 nõ
1377 689 1557 731 magnitu

502 732 814 770 dinem.
660 726 719 770 non
739 726 756 770 a
820 731 911 769 cunctis
925 730 1143 770 hominibus
1149 730 1299 769 habitos
1309 726 1548 768 honores.
1500 726 1548 770 nõ

502 778 613 829 ipſum
638 778 815 829 imperium
850 790 934 817 non
941 779 1121 828 quicquid
1128 779 1202 815 dici
1208 779 1327 825 poteſt
1343 782 1375 817 in
1379 781 1453 816 hac
1467 780 1551 816 uita.

503 828 692 883 excellens,
698 827 762 866 ſed
770 830 920 877 longius
928 827 1058 865 noſtræ
1070 827 1272 874 procedunt
1284 826 1360 873 ſpes.
1392 828 1409 864 &
1428 829 1480 865 ad
1486 828 1547 864 al⸗

502 873 612 924 terius
625 878 700 913 uite
719 873 1000 924 præparationem
1024 873 1152 924 cuncta
1164 873 1356 910 molimur.
1365 874 1463 920 Que
1474 875 1553 921 igit

503 926 555 965 ad
564 926 635 962 hãc
645 926 738 962 uitaã
758 921 891 963 cõferũt
902 936 942 962 ea
953 935 1023 962 nos
1038 923 1131 959 totis
1139 921 1247 959 uirihꝰ
1266 923 1414 968 optanda
1434 920 1548 969 querẽ

501 974 585 1020 daq;
598 973 669 1012 eſſe
678 974 990 1023 arbitramur.
920 969 978 1023 quæ
1002 983 1063 1010 uero
1091 970 1180 1009 illue
1199 969 1273 1018 uſq;
1292 970 1459 1019 ꝑeruenire
1471 976 1579 1019 ne

500 1032 701 1079 ꝗqueunt
649 1019 695 1079 ut
709 1023 847 1061 nullius
855 1023 1041 1061 momenti
1050 1019 1297 1070 deſpicienda.

602 1071 659 1108 Ca.
685 1071 725 1107 II.
730 1071 936 1120 Quantum
947 1072 1038 1109 inter
1047 1070 1265 1120 æternam
1233 1067 1255 1120 &
1275 1067 1450 1118 præſentẽ

648 1124 762 1159 uitam
774 1120 925 1159 inttrſit.

515 1204 518 1209 f
761 1163 802 1218 uæ
825 1169 866 1205 nã
887 1176 1009 1204 tamen
1002 1163 1077 1218 iſta
1096 1164 1160 1202 ſit.
1184 1165 1200 1202 &
1224 1173 1289 1214 quo
1315 1165 1424 1211 pacto
1434 1164 1490 1203 illa
1501 1163 1550 1203 ui
1743 1187 1765 1221 N

518 1219 520 1223 a
760 1226 879 1253 uatur
887 1219 924 1252 ia
940 1221 1016 1251 ſane
1017 1214 1221 1250 oſtendere
1240 1213 1320 1264 plus
1341 1207 1477 1264 negocii
1490 1207 1557 1251 eſſ
1742 1213 1747 1244 f

65 1267 67 1280 N
605 1262 666 1314 et
800 1259 906 1314 quam
926 1274 990 1307 nos
1010 1264 1053 1301 in
1061 1260 1250 1313 preſentia
1265 1259 1544 1309 ſuſceperimus.

774 1317 931 1354 maiores
944 1314 1013 1350 etiã
1033 1314 1219 1351 auditores
1233 1323 1352 1361 quam
1348 1308 1432 1361 ipſi
1446 1320 1544 1349 nunc

65 1386 67 1401 ö
500 1359 588 1403 eſtis
604 1362 646 1400 ad
649 1362 938 1411 percipiendum
944 1359 1102 1411 requirit.
1121 1362 1189 1399 Hoc
1209 1360 1323 1398 ſolum
1343 1373 1416 1398 cum
1434 1362 1545 1398 dme-/

499 1422 533 1452 xo
550 1410 637 1450 fatis
651 1411 799 1450 abunde
808 1412 915 1450 uobis
928 1410 1049 1448 dixiſſe
1069 1410 1280 1458 putabo.
1240 1410 1284 1458 Si:
1288 1412 1370 1457 quis
1383 1420 1546 1445 omnem

501 1460 587 1509 poſt
601 1470 738 1496 creatos
753 1463 923 1498 homines
934 1453 1148 1509 fœlicitatem
1169 1466 1276 1493 mente
1294 1468 1308 1490 c
1314 1453 1515 1509 oncipiat.
1522 1462 1539 1485 ſi⸗

501 1507 802 1557 mulq;
636 1504 673 1557 in
693 1507 787 1557 unam
817 1517 992 1555 congerat
1001 1504 1216 1542 uniuerſam.
1232 1514 1280 1538 ne
1297 1513 1428 1548 paruam
1447 1509 1547 1548 qui-

501 1549 572 1601 dem
597 1549 713 1601 partem
742 1549 897 1601 illorum
921 1554 1067 1601 bonoꝶ
1080 1555 1269 1600 adæquare
1280 1550 1455 1597 cõperiet.
1463 1549 1545 1589 Sed

500 1602 549 1646 ab
560 1604 652 1642 illius
667 1605 749 1640 uitæ
770 1604 857 1640 bono
877 1597 995 1646 omnia
1019 1597 1157 1646 humana
1177 1597 1282 1646 ſimul
1294 1598 1446 1636 collecta
1453 1608 1537 1638 ma/

529 1656 561 1699 is
581 1648 702 1702 abeſſe.
726 1663 820 1702 quam
845 1649 996 1688 umbram
1015 1649 1037 1687 &
1062 1648 1233 1702 ſomnium
1248 1679 1252 1683 a
1292 1649 1391 1684 ueris
1408 1649 1533 1687 rebus.

565 1714 629 1740 mo
643 1713 721 1740 uero
741 1713 765 1738 ut
796 1710 851 1747 pro
865 1699 1070 1747 priori
996 1695 1066 1747 utar
1086 1695 1325 1747 ſimilitudine.
1341 1708 1496 1746 quantum
1522 1696 1545 1734 i

499 1752 615 1795 omni
621 1762 658 1795 re
669 1747 860 1799 precioſior
873 1745 926 1799 eſt
946 1747 1051 1784 anima
1072 1758 1162 1796 quam
1196 1756 1327 1794 corpus.
1336 1757 1455 1785 tanta
1466 1745 1545 1784 utri

503 1796 576 1847 uſqq
595 1810 667 1838 uitæ
684 1796 943 1839 differentia
949 1812 1075 1839 eſt.

64 1852 109 1894 5
518 1847 523 1850 Ca.
638 1848 693 1884 III.
705 1850 814 1896 priino
834 1842 949 1896 poetis
963 1842 1144 1896 oratoribus
1170 1843 1284 1892 aliiſq;
1304 1843 1496 1892 ſcriptori-

349 1902 365 1915 5
520 1895 662 1947 hus
666 1894 1364 1947 probatis.
856 1894 949 1947 deĩde
968 1894 1045 1947 uero
1064 1894 1157 1947 ſacræ
1171 1894 1364 1947 diſciplmmæ
1374 1900 1505 1943 quæ

517 572 539 586 *

515 587 522 595 4
