1755 2331
181 201 278 251 MN
320 192 444 242 Bü
464 202 488 242 C
493 194 620 243 efareæ
626 195 783 245 ciuitatis
805 187 985 269 Archieß
999 194 1051 250 ad
1054 204 1230 257 nepotes

195 253 300 288 luos
314 254 454 302 pulchꝶ
468 255 513 292 de
525 256 683 304 legendis
696 256 791 292 libris
805 254 1022 295 ſæcularibus
1044 256 1230 309 opuſcuꝰ

221 300 318 355 lum,
332 304 441 351 citulis
452 305 629 352 rubriciſq;
639 305 864 343 iaterltinctũ
883 309 1008 356 incipit
1017 307 1234 366 fœlicitere

571 448 774 500 Prologus.

412 542 591 592 Ula
608 545 682 583 ſunt
707 546 773 585 fili
782 559 865 598 quæ
882 549 1049 592 hortãtur
1068 542 1107 598 me
1128 552 1167 590 ad
1184 553 1229 594 ea

391 598 399 607 A
533 597 641 631 uobis
654 594 940 648 cõſulenda.
871 591 932 649 quæ
950 603 1090 647 optima
1100 603 1139 637 ee
1150 605 1227 649 du⸗

474 615 510 694 55
532 654 589 697 co,
596 653 709 691 quæq;
719 648 867 690 uobis.ſi
879 649 935 684 illa
958 647 1143 697 ſequu
1098 643 1147 697 ini
1155 651 1229 697 pro

499 696 518 738 J
532 691 643 727 facura
662 693 783 730 cofido
795 695 954 743 Quippe
966 697 1001 734 &
1015 697 1232 738 nuiuſmodi

487 737 512 811 K
533 751 614 776 ætas
626 740 662 777 &
676 742 821 791 multag
835 755 904 792 reg
913 744 1015 783 uſus.
1032 747 1055 782 &
1071 746 1152 796 ĩſuꝑ
1164 747 1229 797 qck

486 790 592 827 Noia
617 792 699 827 maxi
707 803 738 827 me
771 792 901 829 docet
882 790 897 842 i
915 792 1028 840 utrãq;
1049 806 1149 842 ꝑtem
1161 798 1234 835 imi

219 849 260 871 15
494 840 647 875 Aratões
658 838 740 876 ſacis
756 840 798 875 eẽ
807 844 963 888 expertũ.
981 846 1133 891 hũallaꝶ
1145 846 1234 881 rerũ

190 900 250 924 me
263 890 370 924 ſecetce
384 892 512 935 peritũ.
527 898 603 933 itaq;
616 888 721 934 poſſũ
738 892 793 938 his
808 901 870 937 qui
884 903 958 937 uuꝑ
983 895 1096 928 uitam
1109 891 1231 941 igreſſi

185 932 257 972 ſũr.
267 936 359 983 quali
376 938 432 972 uiã
446 938 655 982 aliquã.
592 932 644 985 qua
667 935 797 972 tutiſſie
816 932 1015 985 ꝓficiſcant᷑.
1034 932 1223 985 oſtendere.

188 984 348 1018 Accedit
359 985 401 1017 ad
416 986 538 1025 hoc.
514 984 531 1038 q
551 984 701 1034 naturaſi
710 985 782 1028 qdẽ
795 985 1048 1021 neceſfitudine
1069 984 1130 1038 me.
1146 984 1235 1038 poſt

188 1029 331 1075 Parẽces.
340 1039 465 1063 nemo
478 1028 489 1060 ẽ
498 1027 615 1080 uobis
628 1038 825 1082 Ppiquior.
853 1030 1022 1086 Quaobrẽ
1032 1047 1102 1084 ego
1112 1035 1247 1084 quid

184 1086 273 1124 erga
286 1072 354 1128 uos.
383 1084 439 1109 nec
453 1074 545 1129 minꝰ
554 1072 782 1129 bemudleniæ
798 1079 918 1129 habe
924 1075 949 1133 ꝗᷓ
962 1081 1028 1128 ipſi
1039 1091 1248 1141 parentes,

186 1135 262 1161 uo
273 1124 337 1159 aũt
351 1119 522 1178 puto,
461 1119 484 1182 in
494 1119 529 1182 ſi
535 1120 696 1161 forte
645 1119 685 1182 me
710 1136 773 1161 uta
787 1125 869 1164 fallit
881 1132 1024 1187 Opinio,
1038 1134 1084 1169 cũ
1096 1145 1155 1170 me
1168 1135 1225 1172 it

191 1174 301 1212 emini
316 1173 438 1219 parẽtũ
452 1171 624 1210 deſiderio
634 1175 735 1212 haud
748 1178 845 1225 quaꝗᷓ
858 1183 1055 1218 moueri.
1024 1171 1056 1229 di
1064 1184 1132 1233 igit᷑
1142 1193 1228 1232 quæ

186 1233 202 1259 a
220 1235 281 1269 me
295 1222 417 1259 dicent᷑
429 1235 468 1259 ea.
476 1222 557 1263 uos
569 1222 701 1272 ſuſciꝑe
713 1237 752 1261 ac
762 1225 859 1274 ſequi
873 1232 982 1273 parati
996 1231 1076 1267 eſtis.
1097 1233 1108 1268 ĩ
1122 1231 1227 1269 ſecũ/

183 1271 240 1308 co
253 1274 346 1308 exitis
359 1272 486 1308 ordine
497 1272 680 1321 laudatoꝶ
693 1275 790 1320 apud
810 1275 989 1313 Heſiodũ.
1004 1280 1065 1315 Sin
1081 1282 1204 1316 minus

184 1331 259 1365 ego
272 1319 350 1355 Ane
363 1321 446 1356 nihil
460 1320 654 1359 moleſtum
666 1323 798 1359 dicam.
813 1322 886 1359 Vos
899 1326 961 1360 añt
973 1328 1150 1364 meinĩſtis
1164 1337 1231 1379 cat

185 1368 291 1403 miaũ
302 1366 394 1415 ilog
404 1369 419 1405 ĩ
432 1369 537 1416 quibꝰ
549 1370 602 1408 ille
614 1382 721 1419 poeta
730 1372 862 1420 inquit.
889 1366 1003 1426 Optimũ
1035 1376 1095 1412 illũ
1108 1376 1230 1426 eſſe.
1206 1366 1230 1426 ꝗ

180 1426 246 1463 pet
259 1416 367 1464 leip̃ᷣm
381 1416 405 1466 ꝗᷓ
417 1419 556 1467 agenda
567 1418 622 1457 ſũt
639 1416 866 1475 cõſpicaretur.
896 1419 1022 1472 ſequẽti
1033 1426 1095 1461 aũt
1104 1426 1221 1475 gradu

180 1468 250 1508 aul
263 1466 414 1505 aliorum
428 1467 570 1507 conſilia
592 1469 792 1518 ſequeretur
804 1473 866 1518 qui
891 1484 979 1509 ueto
992 1474 1039 1510 ad
1050 1486 1228 1514 nedtrum

183 1515 321 1553 notum
333 1528 437 1564 aptus
451 1516 535 1555 eſſet
545 1530 631 1555 cum
640 1520 784 1564 penitus
798 1521 864 1558 eſſe
877 1522 1136 1561 inutilem.
1073 1515 1133 1564 Nec
1147 1534 1222 1561 uos

188 1563 259 1598 ulla
280 1565 316 1600 ad
322 1567 462 1603 miratio
476 1575 606 1603 teneat.
622 1565 646 1602 ſi
659 1567 823 1613 quotidie
834 1570 881 1605 ad
892 1571 1083 1619 magiſtros
1098 1575 1231 1617 eunti⸗

187 1608 260 1644 bas
274 1608 393 1661 nobis.
408 1608 598 1661 ueterumq;
615 1617 777 1652 uirorum
790 1617 826 1652 &
847 1620 994 1655 ingenio
1006 1620 1043 1655 &
1054 1620 1233 1656 doctrina

188 1654 226 1716 Pł
221 1658 511 1710 eſtantium.
452 1654 505 1716 per
524 1676 562 1700 ea
576 1674 644 1712 quæx
662 1654 711 1716 illi
721 1663 845 1711 ſcripta
856 1647 1038 1719 reliquere.
1056 1647 1235 1719 continuũ

188 1702 294 1741 uſum
306 1707 341 1744 de
354 1709 623 1749 familiaritatem
636 1712 939 1763 habentibus.
879 1702 932 1763 ego
951 1714 1085 1761 aliquid
1096 1717 1221 1751 utilius

189 1765 233 1788 ex
246 1765 303 1789 me
316 1757 394 1799 ipſo
406 1760 579 1798 inueniſſe
591 1759 771 1808 profitear.
787 1763 968 1810 Equidem
980 1765 1051 1797 hoc
1062 1762 1139 1809 ip̃m
1154 1775 1223 1810 mo

187 1803 330 1838 nitutus
347 1810 454 1847 uenio.
463 1810 525 1846 nõ
537 1819 701 1856 oportere
717 1819 787 1846 uos
814 1810 987 1855 eiuſmodi
1003 1813 1087 1847 iuris
1098 1812 1149 1848 ita
1160 1811 1225 1849 mẽ

186 1853 235 1888 tis
249 1851 323 1886 ut᷑e
339 1864 358 1899 g
361 1854 571 1894 bernacula
582 1858 745 1904 ꝑmittere,
775 1869 815 1897 ut
827 1860 979 1908 quacũq;
991 1858 1101 1893 ducãt
1113 1871 1153 1897 ea
1164 1858 1222 1897 ſe/

183 1901 313 1949 quami.
321 1900 393 1956 led
402 1904 442 1943 id
453 1904 677 1959 dũtaxat.
631 1896 682 1963 qd
688 1887 838 1948 utilicatẽ
848 1906 997 1946 affect
960 1887 989 1966 ab
1007 1906 1074 1945 illis
1074 1920 1111 1996 A
