1240 1948
255 191 408 234 2
482 231 1176 305 As Griechen⸗and zu erſt betriſt /
140 240 301 293 §. I.
132 285 308 337 Griechen
132 329 275 375 Land.
477 181 1084 240 1. beil. Cap.. Von Geſpenſten
497 288 1176 349 o kan hiervon geleſen werden / was der
470 339 1176 402 Anthor der Wunderbarlichen Hiſto⸗
132 367 325 418 Faſtnach⸗
132 388 1176 459 ten gehal, rien von Geſpenſten im erſten Theil am 26.
132 438 1176 499 ten von Blath b. ſaget. Auff dem Berge Parnaſſo in
132 488 1176 550 den Wald Boctia, welcher dem Apollini conſecriret und
132 534 1176 622 igeeignet iſt / wird allewege ein Jahr uͤmbs an—
132 588 1176 702 asrthetetereaeeie anſelercs
268 686 1176 748 tyri oder Waldgeſpenſte in groſſer Anzahl da⸗
308 734 1176 797 ſelbſt geſehen / und werden gemeiniglich gar
307 784 1176 846 fuͤrnehme Stimmen gehoͤret. Es iſt auch
132 833 1176 898 Macrob. offtmals ein Klang von Cimbeln gehoͤret wor⸗
132 884 447 939 Saturn. c· den.
132 927 252 971 1.
312 946 1176 1019 Unſern von der Stadt Lucern im
308 1005 1176 1078 Schweitzer- Land/ iſt ein rauhee hoher
159 1063 1176 1133 §. 2. Berg / den die Jnwohner Frack ⸗mont
141 1115 1163 1188 Rave i oder rackberg nennen / auff dieſem Berge iſt
133 1164 1160 1233 memor· · ein groſſer ſchwartzer ſtehender See / allenthalben
132 1203 298 1249 s. p. t.
132 1224 1159 1285 Von dem mit einem finſtern Wald uͤmbzogen / welchen die
132 1274 1158 1345 Fracken, Leute Pilatts⸗See nennen / und bleibet dieſer
132 1324 1158 1390 berge bey See allzeit gleiche groß / hat keinen Einfluß oder
132 1362 1175 1450 Außnuß / nimbt nichts uoder ab / und hat ein
132 1427 1176 1489 tzer Land. graͤuliches Anſehen. Und iſt die Sage / nachdem
132 1478 1175 1540 Pilatus, ſich der ungerechte Richter Pontius Pilatus
132 1524 1175 1586 See. ſelbſt uͤmbracht / hat man ſeinen Leib in die
132 1564 1175 1638 Meyfart Tyber geworffen / daruͤber ſich ein groſſes Vnge⸗
132 1605 1175 1685 Gcograhe ſtüm erhoben / daß man ihn letztlich in dieſes
132 1647 1175 1740 .⸗.c· Waſſer ſtuͤrtzen muͤſſen / und ſoll dieſes Waſ.
132 1691 267 1732 192.
1020 1730 1175 1779 ſer
