1240 1948
337 148 1075 209 z6 2. Theil. Von den mancherleyen
337 192 1191 271 Numen ineſt etenim cœleſtis & Hexis in ipſo
344 235 1072 316 Qui preſſit claros imbriferoſq; dies.
341 288 1202 373 ſtq; Cheruſorum ſic practica certa, magiſq
409 344 600 392 huic,
343 389 1194 454 Quam qui ſunt celebres creditur arte poli.
285 435 1202 513 Nam ſi mane caput nebula tegit atq; tenebris,
349 491 1104 554 Aut pluvias aut fert nubila ſive nives.
292 540 1089 602 At ſi depoſitis videt ardua lumina folis
348 588 1099 653 Nubibus, eſt certo clara futura dies.
542 728 958 812 Ander heil
652 812 830 858 des
510 847 984 924 Blockes⸗Berges.
480 893 1202 977 Jß hieher kuͤrtzlich i genere und
482 949 1202 1026 erßwerſe / voder Hexen Gaſterey auf
474 1013 1202 1074 dem Blocksberge. Damit wir aber et⸗
339 1062 1202 1129 was wettlaͤufftiger und in ſpecie davon ſchwa⸗
337 1111 1202 1174 tzen / ſo wird von noͤthen ſeyn; daß wir in unge⸗
337 1160 1202 1225 bundener Rede alle mit wenigem beruͤhrte Sa.
337 1211 1202 1269 chen / auß unterſchiedlichen Autoribus, in einer
337 1260 1202 1325 beſondern und nachdencklichen diſpoſition
337 1308 1202 1371 oder Einordnung nacheinander vorziehen /
337 1357 1202 1421 nnd das gantze Werck alſo deutlicher gemacht
338 1407 1157 1465 werde. Jch vermeyne aber / wenn alle circum-
338 1455 1158 1516 ſtantien oder Vmbſtaͤnde ſollen eroͤrtert wer⸗
338 1504 1158 1566 den; daß es außfuͤhrlich und vollſtaͤndig ge⸗
338 1553 1157 1614 ſchehen koͤnne. Derowegen wollen wir alſo / in
339 1601 1155 1669 Gottes Namen / in und bey ſolcher gedachten
342 1651 914 1722 Hexen. Gaſterey / erwegen die
941 1702 1153 1771 l. P er
