<?xml version="1.0" encoding="UTF-8"?>
<pc:PcGts xmlns:pc="http://schema.primaresearch.org/PAGE/gts/pagecontent/2019-07-15" xmlns:xsi="http://www.w3.org/2001/XMLSchema-instance" xsi:schemaLocation="http://schema.primaresearch.org/PAGE/gts/pagecontent/2019-07-15 http://schema.primaresearch.org/PAGE/gts/pagecontent/2019-07-15/pagecontent.xsd" pcGtsId="OCR-D-OCR_0004">
    <pc:Metadata>
        <pc:Creator>OCR-D/core 2.71.0</pc:Creator>
        <pc:Created>2025-03-18T16:49:36.854275</pc:Created>
        <pc:LastChange>2025-03-18T16:49:36.854275</pc:LastChange>
        <pc:MetadataItem type="processingStep" name="preprocessing/optimization/binarization" value="ocrd-cis-ocropy-binarize">
            <pc:Labels externalModel="ocrd-tool" externalId="parameters">
                <pc:Label value="ocropy" type="method"/>
                <pc:Label value="0.5" type="threshold"/>
                <pc:Label value="False" type="grayscale"/>
                <pc:Label value="0.0" type="maxskew"/>
                <pc:Label value="0" type="noise_maxsize"/>
                <pc:Label value="0" type="dpi"/>
                <pc:Label value="page" type="level-of-operation"/>
            </pc:Labels>
            <pc:Labels externalModel="ocrd-tool" externalId="version">
                <pc:Label value="0.1.5" type="ocrd-cis-ocropy-binarize"/>
                <pc:Label value="2.71.0" type="ocrd/core"/>
            </pc:Labels>
        </pc:MetadataItem>
        <pc:MetadataItem type="processingStep" name="preprocessing/optimization/cropping" value="ocrd-tesserocr-crop">
            <pc:Labels externalModel="ocrd-tool" externalId="parameters">
                <pc:Label value="0" type="dpi"/>
                <pc:Label value="4" type="padding"/>
            </pc:Labels>
            <pc:Labels externalModel="ocrd-tool" externalId="version">
                <pc:Label value="0.19.1 (tesseract 5.4.1)" type="ocrd-tesserocr-crop"/>
                <pc:Label value="2.71.0" type="ocrd/core"/>
            </pc:Labels>
        </pc:MetadataItem>
        <pc:MetadataItem type="processingStep" name="preprocessing/optimization/binarization" value="ocrd-skimage-binarize">
            <pc:Labels externalModel="ocrd-tool" externalId="parameters">
                <pc:Label value="li" type="method"/>
                <pc:Label value="page" type="level-of-operation"/>
                <pc:Label value="0" type="dpi"/>
                <pc:Label value="301" type="window_size"/>
                <pc:Label value="0.34" type="k"/>
            </pc:Labels>
            <pc:Labels externalModel="ocrd-tool" externalId="version">
                <pc:Label value="0.1.8" type="ocrd-skimage-binarize"/>
                <pc:Label value="2.71.0" type="ocrd/core"/>
            </pc:Labels>
        </pc:MetadataItem>
        <pc:MetadataItem type="processingStep" name="preprocessing/optimization/despeckling" value="ocrd-skimage-denoise">
            <pc:Labels externalModel="ocrd-tool" externalId="parameters">
                <pc:Label value="page" type="level-of-operation"/>
                <pc:Label value="0" type="dpi"/>
                <pc:Label value="0.0" type="protect"/>
                <pc:Label value="1.0" type="maxsize"/>
            </pc:Labels>
            <pc:Labels externalModel="ocrd-tool" externalId="version">
                <pc:Label value="0.1.8" type="ocrd-skimage-denoise"/>
                <pc:Label value="2.71.0" type="ocrd/core"/>
            </pc:Labels>
        </pc:MetadataItem>
        <pc:MetadataItem type="processingStep" name="preprocessing/optimization/deskewing" value="ocrd-tesserocr-deskew">
            <pc:Labels externalModel="ocrd-tool" externalId="parameters">
                <pc:Label value="page" type="operation_level"/>
                <pc:Label value="0" type="dpi"/>
                <pc:Label value="1.5" type="min_orientation_confidence"/>
            </pc:Labels>
            <pc:Labels externalModel="ocrd-tool" externalId="version">
                <pc:Label value="0.19.1 (tesseract 5.4.1)" type="ocrd-tesserocr-deskew"/>
                <pc:Label value="2.71.0" type="ocrd/core"/>
            </pc:Labels>
        </pc:MetadataItem>
        <pc:MetadataItem type="processingStep" name="layout/segmentation/region" value="ocrd-cis-ocropy-segment">
            <pc:Labels externalModel="ocrd-tool" externalId="parameters">
                <pc:Label value="page" type="level-of-operation"/>
                <pc:Label value="0" type="dpi"/>
                <pc:Label value="20" type="maxcolseps"/>
                <pc:Label value="20" type="maxseps"/>
                <pc:Label value="10" type="maximages"/>
                <pc:Label value="4" type="csminheight"/>
                <pc:Label value="10" type="hlminwidth"/>
                <pc:Label value="0.01" type="gap_height"/>
                <pc:Label value="1.5" type="gap_width"/>
                <pc:Label value="True" type="overwrite_order"/>
                <pc:Label value="True" type="overwrite_separators"/>
                <pc:Label value="True" type="overwrite_regions"/>
                <pc:Label value="True" type="overwrite_lines"/>
                <pc:Label value="2.4" type="spread"/>
            </pc:Labels>
            <pc:Labels externalModel="ocrd-tool" externalId="version">
                <pc:Label value="0.1.5" type="ocrd-cis-ocropy-segment"/>
                <pc:Label value="2.71.0" type="ocrd/core"/>
            </pc:Labels>
        </pc:MetadataItem>
        <pc:MetadataItem type="processingStep" name="preprocessing/optimization/dewarping" value="ocrd-cis-ocropy-dewarp">
            <pc:Labels externalModel="ocrd-tool" externalId="parameters">
                <pc:Label value="0" type="dpi"/>
                <pc:Label value="4.0" type="range"/>
                <pc:Label value="1.0" type="smoothness"/>
                <pc:Label value="0.05" type="max_neighbour"/>
            </pc:Labels>
            <pc:Labels externalModel="ocrd-tool" externalId="version">
                <pc:Label value="0.1.5" type="ocrd-cis-ocropy-dewarp"/>
                <pc:Label value="2.71.0" type="ocrd/core"/>
            </pc:Labels>
        </pc:MetadataItem>
        <pc:MetadataItem type="processingStep" name="recognition/text-recognition" value="ocrd-calamari-recognize">
            <pc:Labels externalModel="ocrd-tool" externalId="parameters">
                <pc:Label value="qurator-gt4histocr-1.0" type="checkpoint_dir"/>
                <pc:Label value="confidence_voter_default_ctc" type="voter"/>
                <pc:Label value="line" type="textequiv_level"/>
                <pc:Label value="0.001" type="glyph_conf_cutoff"/>
            </pc:Labels>
            <pc:Labels externalModel="ocrd-tool" externalId="version">
                <pc:Label value="1.0.6 (calamari 1.0.7, tensorflow 2.12.1)" type="ocrd-calamari-recognize"/>
                <pc:Label value="2.71.0" type="ocrd/core"/>
            </pc:Labels>
        </pc:MetadataItem>
    </pc:Metadata>
    <pc:Page imageFilename="OCR-D-IMG/OCR-D-IMG_0004.tif" imageWidth="1240" imageHeight="1948" orientation="0.207493209558123" readingDirection="left-to-right" textLineOrder="top-to-bottom">
        <pc:AlternativeImage filename="OCR-D-BIN/OCR-D-BIN_0004.IMG-BIN.png" comments=",binarized"/>
        <pc:AlternativeImage filename="OCR-D-CROP/OCR-D-CROP_0004.IMG-CROP.png" comments=",binarized,cropped"/>
        <pc:AlternativeImage filename="OCR-D-BIN2/OCR-D-BIN2_0004.IMG-BIN.png" comments=",cropped,binarized"/>
        <pc:AlternativeImage filename="OCR-D-BIN-DENOISE/OCR-D-BIN-DENOISE_0004.IMG-DEN.png" comments=",cropped,binarized,despeckled"/>
        <pc:AlternativeImage filename="OCR-D-BIN-DENOISE-DESKEW/OCR-D-BIN-DENOISE-DESKEW_0004.IMG-DESKEW.png" comments=",cropped,binarized,despeckled,deskewed"/>
        <pc:AlternativeImage filename="OCR-D-SEG/OCR-D-SEG_0004.IMG-CLIP.png" comments=",cropped,binarized,despeckled,deskewed,clipped"/>
        <pc:Border>
            <pc:Coords points="98,54 1214,54 1214,1752 98,1752"/>
        </pc:Border>
        <pc:ReadingOrder>
            <pc:OrderedGroup id="reading-order">
                <pc:RegionRefIndexed index="0" regionRef="OCR-D-BIN-DENOISE-DESKEW_0004_region0001"/>
                <pc:RegionRefIndexed index="1" regionRef="OCR-D-BIN-DENOISE-DESKEW_0004_region0002"/>
                <pc:RegionRefIndexed index="2" regionRef="OCR-D-BIN-DENOISE-DESKEW_0004_region0003"/>
                <pc:RegionRefIndexed index="3" regionRef="OCR-D-BIN-DENOISE-DESKEW_0004_region0004"/>
                <pc:RegionRefIndexed index="4" regionRef="OCR-D-BIN-DENOISE-DESKEW_0004_region0005"/>
                <pc:RegionRefIndexed index="5" regionRef="OCR-D-BIN-DENOISE-DESKEW_0004_region0006"/>
            </pc:OrderedGroup>
        </pc:ReadingOrder>
        <pc:TextRegion id="OCR-D-BIN-DENOISE-DESKEW_0004_region0001">
            <pc:Coords points="334,171 296,171 295,172 292,172 291,173 288,173 287,174 283,174 282,175 279,175 278,176 275,176 274,177 271,177 270,178 266,178 265,179 262,179 261,180 258,180 257,181 253,181 252,182 249,182 248,183 245,183 244,184 241,184 240,185 236,185 235,187 232,187 231,188 228,188 227,189 223,189 222,190 219,190 218,191 215,191 214,192 211,192 210,193 206,193 205,194 202,194 201,195 198,195 197,196 193,196 192,197 189,197 188,198 185,198 184,199 180,199 179,200 176,200 175,201 172,201 171,202 168,202 167,203 163,203 162,204 159,204 158,205 155,205 154,206 150,206 149,207 146,207 145,208 142,208 141,209 138,209 137,210 133,210 132,211 129,211 128,212 125,212 124,213 120,213 119,214 116,214 115,215 112,215 111,216 108,216 107,217 103,217 102,218 99,218 98,219 98,916 99,917 117,917 118,918 147,918 148,919 177,919 178,920 207,920 208,921 237,921 238,921 267,921 268,922 297,922 298,923 327,923 328,924 357,924 358,925 387,925 388,926 417,926 418,927 447,927 448,928 620,927 621,926 704,926 705,925 747,925 748,924 751,924 752,923 755,923 756,922 759,922 760,921 763,921 764,920 767,920 768,919 771,919 772,918 775,918 776,917 779,917 780,916 783,916 784,915 787,915 788,914 791,913 792,912 795,912 796,911 799,911 800,910 803,910 804,909 807,909 808,908 811,908 812,907 815,907 816,906 819,906 820,905 823,905 824,904 827,904 828,903 831,903 832,902 835,902 836,901 839,901 840,900 843,900 844,899 847,899 848,898 851,898 852,897 855,897 856,896 859,896 860,895 863,895 864,894 867,894 868,893 871,893 872,892 875,892 876,891 879,891 880,890 883,890 884,889 887,889 888,888 891,888 892,887 895,887 896,886 899,886 900,885 903,885 904,884 907,884 908,883 911,883 912,882 915,882 916,881 919,881 920,880 923,880 924,879 927,879 928,878 931,878 932,877 935,877 936,876 939,876 940,875 943,875 944,874 947,874 948,873 951,873 952,872 955,872 956,871 959,871 960,870 963,870 964,869 966,869 970,865 970,840 971,839 970,779 971,778 971,706 972,705 972,582 973,581 972,408 973,407 973,263 972,262 971,209 970,208 970,181 966,177 937,177 936,176 881,176 880,175 825,175 824,174 769,175 768,174 713,174 712,173 657,173 656,172 601,172 600,171 545,171 544,170 449,171 448,170 335,170"/>
            <pc:TextLine id="OCR-D-BIN-DENOISE-DESKEW_0004_region0001_line0001">
                <pc:AlternativeImage filename="OCR-D-SEG-LINE-RESEG-DEWARP/OCR-D-SEG-LINE-RESEG-DEWARP_0004_OCR-D-BIN-DENOISE-DESKEW_0004_region0001_OCR-D-BIN-DENOISE-DESKEW_0004_region0001_line0001.IMG-DEWARP.png" comments="binarized,despeckled,dewarped"/>
                <pc:Coords points="370,171 334,171 298,171 297,172 296,172 294,174 294,175 293,176 293,208 294,209 294,210 296,212 297,212 298,213 304,213 305,214 305,215 308,218 309,218 310,219 325,219 326,220 348,220 349,221 375,221 376,222 409,222 410,223 410,224 412,226 413,226 414,227 419,227 420,226 425,226 429,222 438,222 441,225 442,225 443,226 453,226 454,225 455,225 458,222 511,222 512,223 529,222 530,223 547,223 548,224 552,224 553,225 554,225 557,228 558,228 559,229 568,229 569,228 575,228 576,227 577,227 578,226 579,226 581,224 597,224 598,223 609,223 610,222 615,222 616,223 627,223 628,222 632,222 633,221 643,221 644,220 645,220 649,216 787,216 789,217 790,217 791,218 802,218 803,219 806,219 807,220 818,220 819,221 836,221 837,222 859,222 860,223 869,223 872,226 873,226 874,227 892,227 893,226 894,226 896,224 916,224 917,225 950,225 951,224 952,224 954,222 954,221 956,219 965,219 966,218 967,218 969,216 969,215 970,214 970,208 970,182 969,181 969,180 967,178 966,178 965,177 937,177 791,177 790,178 789,178 787,181 787,182 786,183 786,186 785,187 645,187 644,186 635,186 634,185 631,185 630,184 626,184 625,183 622,183 621,182 616,182 615,181 608,181 607,180 596,180 595,179 579,179 578,178 558,178 557,177 551,177 550,176 549,176 548,175 540,175 539,176 538,176 537,177 535,177 534,176 522,176 521,175 521,174 518,171 517,171 516,170 506,170 491,171 490,172 489,172 487,174 487,175 486,176 481,176 480,177 476,177 475,176 463,176 462,175 458,175 456,173 455,173 454,172 439,172 438,173 435,173 434,172 419,172 418,173 416,173 415,172 395,172 394,171 381,171 380,170 371,170"/>
                <pc:Baseline points="293,207 649,212 786,210 970,212"/>
                <pc:TextEquiv conf="0.910028338432312">
                    <pc:Unicode>Beſchreibung. · 8</pc:Unicode>
                </pc:TextEquiv>
            </pc:TextLine>
            <pc:TextLine id="OCR-D-BIN-DENOISE-DESKEW_0004_region0001_line0002">
                <pc:AlternativeImage filename="OCR-D-SEG-LINE-RESEG-DEWARP/OCR-D-SEG-LINE-RESEG-DEWARP_0004_OCR-D-BIN-DENOISE-DESKEW_0004_region0001_OCR-D-BIN-DENOISE-DESKEW_0004_region0001_line0002.IMG-DEWARP.png" comments="binarized,despeckled,dewarped"/>
                <pc:Coords points="103,268 104,269 112,269 115,272 116,272 117,273 125,273 126,272 127,272 128,271 129,271 130,272 140,272 141,273 145,273 146,274 156,274 157,273 166,273 167,274 187,274 188,275 188,281 189,282 190,282 191,283 192,283 193,284 197,284 198,285 204,285 205,284 206,284 207,285 208,285 209,284 213,284 214,283 215,283 216,282 217,282 218,281 218,275 219,274 237,273 238,274 249,274 250,275 250,277 251,278 251,280 252,281 254,281 255,282 256,282 257,283 258,283 259,284 260,284 261,285 267,285 268,284 276,284 277,283 278,283 282,279 283,279 284,278 285,278 288,275 294,275 295,276 311,276 312,277 320,277 321,276 328,276 329,277 330,276 332,276 333,275 336,275 337,274 347,274 348,275 350,275 351,276 352,275 354,275 355,274 357,274 358,273 366,273 367,274 368,274 369,275 370,275 373,278 379,278 380,277 381,277 382,278 392,278 393,277 395,277 396,276 397,276 398,275 408,275 409,276 410,276 411,277 417,277 418,278 441,278 442,279 450,279 451,278 474,278 475,277 476,277 477,276 480,276 481,275 490,275 491,276 492,276 493,277 495,277 496,278 497,278 498,279 499,279 500,280 502,280 503,279 504,279 505,278 507,278 508,277 510,277 511,276 520,275 522,277 522,278 523,278 524,279 525,279 526,280 528,280 529,281 530,281 532,283 536,283 537,282 539,282 540,281 540,279 541,278 600,278 601,277 614,277 615,276 627,276 628,275 645,275 646,276 647,275 655,275 657,277 657,278 659,280 660,280 661,281 664,281 665,282 669,282 670,281 673,281 676,278 686,278 687,279 702,279 703,280 703,281 704,282 705,282 706,283 707,283 708,284 710,284 711,285 720,285 721,284 724,284 725,283 727,283 728,282 729,282 732,279 764,279 765,280 776,280 777,279 778,280 783,280 784,279 785,279 786,278 787,278 788,277 807,276 808,277 809,277 810,278 840,278 841,277 876,277 877,276 900,276 901,275 928,275 929,274 953,274 954,273 962,273 963,272 964,272 966,270 966,269 967,268 967,245 966,244 966,243 964,241 963,241 962,240 944,240 943,239 921,239 920,238 908,238 907,237 896,237 895,236 882,236 881,235 864,235 863,234 862,234 861,233 861,232 859,231 859,230 855,226 854,226 853,225 851,225 850,224 847,224 846,223 794,223 793,224 788,225 787,226 784,226 783,227 780,227 779,228 777,228 776,229 772,229 771,230 754,230 753,231 752,231 751,230 742,230 741,229 738,229 737,228 737,226 736,225 736,224 734,222 733,222 732,221 731,221 730,220 715,220 714,221 713,221 709,225 702,225 701,226 700,226 699,227 698,227 697,228 693,228 691,226 691,225 689,223 688,223 687,222 677,222 676,223 663,223 662,224 661,224 658,227 658,228 657,229 654,229 653,228 650,228 648,226 648,225 645,222 633,222 632,223 628,223 627,224 625,224 623,226 620,226 618,224 616,224 615,223 610,223 609,224 598,224 597,225 595,225 593,227 592,227 591,228 588,228 587,229 584,229 583,230 577,230 576,231 573,231 572,230 555,230 552,227 551,227 550,226 546,226 545,225 544,225 543,224 531,224 530,225 529,225 528,226 527,226 526,227 525,227 524,228 523,228 521,230 507,231 506,232 493,232 493,233 465,233 463,232 441,232 440,231 432,231 429,228 428,228 427,227 420,227 419,228 413,228 410,231 360,231 359,230 359,229 357,227 356,227 355,226 343,226 342,227 341,227 338,230 338,231 337,232 310,232 310,233 289,233 287,232 260,232 259,231 223,232 222,231 210,231 209,230 205,230 202,227 202,226 201,225 201,224 198,221 197,221 196,220 184,220 183,221 182,221 181,222 172,222 171,221 150,221 149,220 98,220 98,268"/>
                <pc:Baseline points="93,257 258,265 967,265"/>
                <pc:TextEquiv conf="0.958906650543213">
                    <pc:Unicode>VValpurgæ ,oder den erſten Maji ihren Con-.</pc:Unicode>
                </pc:TextEquiv>
            </pc:TextLine>
            <pc:TextLine id="OCR-D-BIN-DENOISE-DESKEW_0004_region0001_line0003">
                <pc:AlternativeImage filename="OCR-D-SEG-LINE-RESEG-DEWARP/OCR-D-SEG-LINE-RESEG-DEWARP_0004_OCR-D-BIN-DENOISE-DESKEW_0004_region0001_OCR-D-BIN-DENOISE-DESKEW_0004_region0001_line0003.IMG-DEWARP.png" comments="binarized,despeckled,dewarped"/>
                <pc:Coords points="357,275 355,275 354,276 352,276 351,277 350,276 348,276 347,275 337,275 336,276 333,276 332,277 330,277 329,278 328,278 327,279 324,279 323,280 300,280 297,277 295,277 294,276 288,276 285,279 284,279 283,280 282,280 278,284 277,284 276,285 268,285 267,286 261,286 260,285 259,285 258,284 257,284 256,283 255,283 254,282 252,282 250,280 250,279 248,277 247,277 246,276 238,276 237,277 236,278 231,283 216,283 215,284 214,284 213,285 209,285 208,286 207,286 206,285 205,285 204,286 198,286 197,285 193,285 192,284 191,284 190,283 158,283 157,282 124,282 123,281 98,281 98,321 105,321 106,322 127,322 128,323 138,323 139,324 148,324 149,325 153,325 154,326 160,326 161,327 173,327 174,328 194,328 195,329 200,329 201,330 209,330 210,329 224,329 225,330 234,330 235,329 250,328 251,329 261,329 262,328 264,328 265,327 273,327 274,326 278,326 279,327 281,327 284,330 284,332 285,333 285,334 287,334 288,335 301,335 302,334 303,334 304,333 305,333 307,331 325,331 326,332 326,333 328,333 329,334 333,334 334,335 337,335 338,334 342,334 343,333 346,333 347,334 348,334 349,335 358,335 359,334 362,334 363,333 365,333 368,330 380,330 381,329 400,329 401,328 405,328 406,329 412,329 413,328 414,328 415,327 416,327 417,326 428,326 429,327 432,327 433,328 434,328 435,329 469,329 471,331 471,332 473,332 474,333 475,333 476,334 486,334 487,333 489,333 490,332 490,331 492,329 517,328 518,329 527,329 528,328 595,328 596,327 604,327 605,328 617,328 618,327 627,327 628,328 642,328 643,329 646,329 647,328 651,328 652,327 657,327 658,326 661,326 662,325 672,325 673,326 675,326 676,327 677,327 678,328 685,328 686,329 695,329 696,328 713,328 714,329 725,329 726,328 734,328 735,329 738,329 739,328 740,328 741,327 743,327 744,326 756,326 757,327 760,327 761,328 765,328 766,329 775,329 776,330 781,330 784,333 786,333 787,334 789,333 790,334 795,334 796,333 798,333 799,332 800,332 803,329 816,329 817,328 821,328 822,327 829,327 830,326 833,326 834,325 835,325 836,326 844,326 845,327 846,327 847,328 848,328 849,329 857,329 858,328 860,328 861,327 866,327 867,328 871,328 872,329 873,329 874,330 885,330 886,331 895,331 896,330 908,330 909,331 960,331 961,330 962,330 964,328 964,327 965,326 967,326 968,325 969,325 972,322 972,321 973,320 973,289 972,288 972,287 970,285 969,285 968,284 937,284 936,283 872,283 871,284 870,283 861,283 860,284 844,284 843,283 813,283 812,282 812,280 811,279 810,279 809,278 808,278 807,277 788,278 787,279 786,279 785,280 784,280 782,282 782,283 781,284 725,284 724,285 721,285 720,286 711,286 710,285 708,285 707,284 706,284 705,283 695,283 694,282 670,282 669,283 665,283 664,282 661,282 660,281 659,281 656,278 656,277 655,276 647,276 646,277 644,277 643,278 642,278 641,279 640,279 638,281 628,281 627,282 603,282 602,281 601,281 600,280 590,280 589,281 588,281 586,283 559,283 558,282 540,282 539,283 537,283 536,284 532,284 530,282 529,282 528,281 526,281 525,280 524,280 523,279 522,279 521,278 521,277 520,276 511,277 510,278 508,278 507,279 505,279 504,280 503,280 502,281 500,281 499,280 498,280 497,279 496,279 495,278 493,278 492,277 491,277 490,276 481,276 480,277 477,277 476,278 475,278 474,279 472,279 472,280 470,282 414,282 413,281 413,279 412,278 411,278 410,277 409,277 408,276 398,276 397,277 396,277 395,278 393,278 392,279 390,279 388,281 387,280 374,280 370,276 369,276 368,275 367,275 366,274 358,274"/>
                <pc:Baseline points="93,311 294,319 973,320"/>
                <pc:TextEquiv conf="0.993790805339813">
                    <pc:Unicode>vent und Hof halten ſollen / alda von fernen</pc:Unicode>
                </pc:TextEquiv>
            </pc:TextLine>
            <pc:TextLine id="OCR-D-BIN-DENOISE-DESKEW_0004_region0001_line0004">
                <pc:AlternativeImage filename="OCR-D-SEG-LINE-RESEG-DEWARP/OCR-D-SEG-LINE-RESEG-DEWARP_0004_OCR-D-BIN-DENOISE-DESKEW_0004_region0001_OCR-D-BIN-DENOISE-DESKEW_0004_region0001_line0004.IMG-DEWARP.png" comments="binarized,despeckled,dewarped"/>
                <pc:Coords points="118,380 119,379 125,379 126,378 129,378 130,377 132,377 133,376 141,376 142,377 149,377 150,378 178,378 179,379 180,379 181,378 184,378 185,377 187,377 188,376 195,376 196,375 199,375 200,376 202,376 204,378 205,378 206,379 211,379 212,378 217,378 219,380 221,380 222,381 224,381 225,380 229,380 230,379 231,379 234,376 235,376 236,375 247,374 251,378 252,377 254,377 255,376 257,376 258,377 259,377 260,378 261,378 262,379 263,379 264,380 265,380 267,382 272,382 273,381 274,381 275,380 276,380 278,378 284,378 285,379 293,379 294,378 307,378 308,379 314,379 315,378 316,378 317,377 328,377 329,378 338,378 339,377 340,377 341,376 352,376 353,377 354,377 355,378 366,378 367,377 373,377 374,376 378,376 379,375 392,375 393,374 406,374 407,375 410,375 411,376 412,376 413,377 432,377 433,378 442,378 443,377 445,377 446,376 452,376 453,375 461,375 462,376 464,376 465,377 466,377 467,378 473,378 474,379 536,378 537,377 539,377 540,376 554,376 555,377 556,377 557,378 575,378 576,377 578,377 579,376 588,376 589,377 590,377 591,378 601,378 602,379 647,379 648,380 648,381 649,381 650,382 651,382 652,383 656,383 657,384 660,384 661,383 667,383 668,382 669,382 670,381 672,381 674,379 712,379 713,378 722,378 723,379 725,379 726,378 729,378 730,377 740,377 741,378 756,378 757,379 761,379 762,378 764,378 765,377 767,377 768,376 769,376 770,375 779,375 780,376 785,376 786,377 787,377 789,378 799,378 800,377 809,377 815,383 821,383 822,382 823,382 825,380 830,380 831,379 833,379 834,378 835,378 836,377 840,377 841,378 842,378 843,379 886,379 887,378 901,378 902,379 916,379 917,378 950,378 951,377 961,377 962,376 963,376 966,373 966,372 967,371 967,340 966,339 966,338 964,336 963,336 962,335 954,335 953,334 904,334 903,333 876,333 875,332 875,331 874,331 873,330 872,330 871,329 867,329 866,328 861,328 860,329 858,329 857,330 854,330 853,331 851,331 850,330 849,330 848,329 847,329 846,328 845,328 844,327 836,327 835,326 834,326 833,327 830,327 829,328 822,328 821,329 817,329 816,330 813,330 810,333 805,333 804,332 801,332 800,333 799,333 798,334 796,334 795,335 790,335 789,334 787,335 786,334 784,334 781,331 776,331 775,330 766,330 765,329 761,329 760,328 757,328 756,327 744,327 743,328 741,328 740,329 739,329 738,330 735,330 734,329 730,329 729,330 722,330 721,331 715,331 714,332 704,332 703,333 698,333 697,332 679,332 678,331 678,329 677,328 676,328 675,327 673,327 672,326 662,326 661,327 658,327 657,328 652,328 651,329 647,329 646,330 644,330 642,332 632,332 631,331 631,330 630,329 628,329 627,328 618,328 617,329 615,329 611,333 584,333 581,330 580,330 579,329 571,329 570,330 569,330 566,333 550,333 549,334 534,334 533,333 487,334 486,335 476,335 475,334 474,334 473,333 453,333 452,332 437,332 436,331 436,330 435,330 434,329 433,329 432,328 429,328 428,327 417,327 416,328 415,328 414,329 413,329 410,332 397,332 396,333 372,333 371,334 363,334 362,335 359,335 358,336 349,336 348,335 347,335 346,334 343,334 342,335 338,335 337,336 334,336 333,335 329,335 328,334 304,334 303,335 302,335 301,336 288,336 287,335 285,335 284,334 284,333 283,332 283,330 281,328 279,328 278,327 274,327 273,328 265,328 264,329 262,329 261,330 259,330 258,331 258,332 257,333 236,334 235,333 225,333 224,334 209,334 208,333 186,333 185,332 173,332 172,331 167,331 166,330 164,330 163,329 161,329 160,328 159,328 158,327 154,327 153,326 149,326 148,325 139,325 138,324 128,324 127,323 106,323 105,322 98,322 98,380"/>
                <pc:Baseline points="93,369 967,368"/>
                <pc:TextEquiv conf="0.999068021774292">
                    <pc:Unicode>Orten zuſammen kommen / mit ihren Teuffeln</pc:Unicode>
                </pc:TextEquiv>
            </pc:TextLine>
            <pc:TextLine id="OCR-D-BIN-DENOISE-DESKEW_0004_region0001_line0005">
                <pc:AlternativeImage filename="OCR-D-SEG-LINE-RESEG-DEWARP/OCR-D-SEG-LINE-RESEG-DEWARP_0004_OCR-D-BIN-DENOISE-DESKEW_0004_region0001_OCR-D-BIN-DENOISE-DESKEW_0004_region0001_line0005.IMG-DEWARP.png" comments="binarized,despeckled,dewarped"/>
                <pc:Coords points="195,377 188,377 187,378 185,378 184,379 181,379 180,380 154,380 153,379 150,379 149,378 142,378 141,377 133,377 132,378 130,378 129,379 126,379 125,380 119,380 118,381 98,381 98,425 127,425 128,426 136,426 137,425 142,425 143,424 144,424 145,423 149,423 150,422 151,422 152,421 162,421 163,422 164,422 165,423 166,423 167,424 169,424 170,425 196,425 197,426 215,426 216,427 226,427 228,429 229,429 230,430 231,430 232,431 241,430 242,429 244,429 245,428 247,428 249,426 264,426 265,425 276,425 277,426 299,426 300,427 309,427 310,426 400,426 401,427 411,427 412,426 413,427 438,427 439,426 449,426 450,427 452,427 453,428 454,428 455,429 458,429 459,430 467,430 468,429 470,429 472,427 479,427 480,428 494,428 496,430 498,430 499,431 502,431 503,430 504,430 505,429 507,429 508,428 509,428 510,427 513,426 514,425 518,425 519,426 520,426 521,427 530,427 531,426 539,426 540,427 550,427 551,426 559,426 560,427 568,427 569,426 575,426 576,427 583,427 584,426 585,426 586,425 591,425 592,424 601,424 602,425 604,425 611,432 616,432 617,431 618,431 619,430 620,430 621,429 624,429 625,428 629,428 632,425 632,424 633,423 648,423 649,424 650,424 652,426 701,426 702,427 707,427 708,426 714,426 715,425 717,425 718,426 719,425 721,425 722,424 723,424 724,423 739,423 740,424 744,424 745,423 757,423 758,424 759,424 760,425 760,426 762,428 763,428 764,429 766,429 767,430 773,430 774,429 775,430 776,430 777,431 780,431 781,430 783,430 786,427 787,427 790,423 798,423 799,424 800,424 801,425 802,425 803,424 806,424 807,423 810,423 811,424 812,424 813,423 820,423 821,424 823,424 824,425 825,425 826,426 840,426 841,427 850,427 851,426 852,426 853,427 862,427 863,426 864,426 865,427 875,427 876,426 878,426 879,427 890,427 891,426 922,426 923,425 940,425 941,424 951,424 952,423 953,423 956,420 963,420 964,419 965,419 968,416 968,415 969,414 969,383 968,382 968,381 966,379 965,379 964,378 951,378 950,379 917,379 916,380 902,380 901,379 887,379 886,380 884,380 883,381 865,381 864,382 852,382 851,381 845,381 844,380 843,380 842,379 841,379 840,378 836,378 835,379 834,379 833,380 831,380 830,381 825,381 823,383 822,383 821,384 815,384 809,378 800,378 799,379 797,379 795,381 790,381 789,380 789,379 787,378 786,378 785,377 780,377 779,376 770,376 769,377 768,377 767,378 765,378 764,379 762,379 761,380 760,380 758,382 754,382 753,381 744,381 743,380 743,379 741,379 740,378 730,378 729,379 726,379 725,380 724,380 722,382 712,382 711,381 703,381 702,382 701,381 692,381 691,382 670,382 669,383 668,383 667,384 661,384 660,385 657,385 656,384 652,384 651,383 650,383 649,382 645,382 644,381 635,381 634,382 617,382 616,383 613,383 612,382 595,382 593,380 593,379 591,379 590,378 589,378 588,377 579,377 578,378 576,378 575,379 573,379 573,380 572,381 559,381 558,380 558,379 557,379 556,378 555,378 554,377 540,377 539,378 537,378 536,379 534,379 532,381 509,382 508,381 492,381 491,380 469,380 468,379 467,379 466,378 465,378 464,377 462,377 461,376 453,376 452,377 446,377 445,378 443,378 442,379 432,379 431,378 413,378 412,377 411,377 410,376 407,376 406,375 393,375 392,376 379,376 378,377 374,377 373,378 367,378 366,379 355,379 354,378 353,378 352,377 341,377 340,378 339,378 338,379 337,379 335,381 333,381 331,379 329,379 328,378 317,378 316,379 315,379 314,380 311,380 310,381 275,381 274,382 273,382 272,383 267,383 265,381 264,381 263,380 262,380 261,379 260,379 259,378 258,378 257,377 255,377 254,378 252,378 251,379 247,375 236,376 235,377 234,377 231,380 230,380 229,381 225,381 224,382 222,382 221,381 207,381 205,379 204,379 202,377 200,377 199,376 196,376"/>
                <pc:Baseline points="93,415 969,413"/>
                <pc:TextEquiv conf="0.998516738414764">
                    <pc:Unicode>alda buhlen / die Nacht zubringen mit ſpielen /</pc:Unicode>
                </pc:TextEquiv>
            </pc:TextLine>
            <pc:TextLine id="OCR-D-BIN-DENOISE-DESKEW_0004_region0001_line0006">
                <pc:AlternativeImage filename="OCR-D-SEG-LINE-RESEG-DEWARP/OCR-D-SEG-LINE-RESEG-DEWARP_0004_OCR-D-BIN-DENOISE-DESKEW_0004_region0001_OCR-D-BIN-DENOISE-DESKEW_0004_region0001_line0006.IMG-DEWARP.png" comments="binarized,despeckled,dewarped"/>
                <pc:Coords points="151,423 150,423 149,424 145,424 144,425 143,425 142,426 141,426 139,428 127,428 126,429 107,429 106,430 98,430 98,476 102,476 103,477 107,477 108,478 109,478 110,477 111,477 112,476 114,476 116,474 117,474 118,473 120,473 121,472 122,472 123,473 126,473 127,474 128,474 130,476 148,476 149,477 155,477 156,478 162,478 163,479 164,478 166,478 167,477 168,477 170,475 182,475 183,476 190,476 191,475 193,475 194,474 207,474 208,475 209,475 210,476 235,476 236,477 241,476 242,477 250,477 251,476 284,476 285,475 310,475 311,476 334,476 335,475 343,475 344,476 365,476 366,477 368,477 369,478 372,478 373,479 376,479 377,478 379,478 380,477 382,477 383,476 385,476 386,475 390,475 391,474 407,474 408,473 412,473 413,474 414,474 415,475 416,475 417,476 422,476 423,475 473,475 474,476 478,476 479,475 481,475 482,474 484,474 485,473 499,473 500,474 501,474 504,477 514,476 515,475 517,475 518,476 519,476 520,477 529,477 530,476 555,476 556,477 576,477 579,480 579,481 580,482 582,482 583,483 587,483 588,484 590,484 591,483 595,483 596,482 598,482 598,481 601,478 619,478 621,480 621,481 622,482 624,482 625,483 637,483 638,482 639,482 643,478 644,478 646,476 647,476 648,475 657,475 658,474 659,474 660,473 662,473 663,472 674,472 675,473 680,473 683,476 701,476 702,475 704,475 705,474 717,474 718,475 719,475 720,476 721,476 722,475 724,475 725,474 731,474 732,475 737,475 738,476 749,476 750,477 751,477 752,476 753,476 754,475 761,475 762,474 770,474 771,475 773,475 777,479 777,480 778,480 779,481 780,481 781,482 786,482 787,481 789,480 790,479 791,479 792,478 793,478 794,477 798,481 799,481 800,482 805,482 806,481 808,481 809,480 814,480 815,479 815,478 816,477 826,477 827,478 827,479 828,480 830,480 831,481 832,481 833,482 849,482 850,481 852,481 853,480 856,480 859,477 869,477 870,476 871,476 872,475 882,475 883,476 885,476 886,477 896,477 897,476 959,476 960,475 961,475 963,473 966,473 967,472 968,472 971,469 971,468 972,467 972,436 971,435 971,434 969,432 968,432 967,431 895,431 894,430 872,430 871,431 870,431 869,430 860,430 859,431 844,431 843,432 828,432 827,431 827,427 826,427 825,426 824,426 823,425 821,425 820,424 813,424 812,425 811,425 810,424 807,424 806,425 803,425 802,426 801,426 800,425 799,425 798,424 790,424 787,428 786,428 783,431 781,431 780,432 777,432 776,431 775,431 774,430 773,431 767,431 766,430 764,430 763,429 762,429 759,426 759,425 758,425 757,424 745,424 744,425 740,425 739,424 724,424 723,425 722,425 721,426 719,426 718,427 717,426 715,426 714,427 708,427 707,428 702,428 701,427 698,427 697,428 691,428 690,429 677,429 676,430 653,430 652,429 652,427 650,425 649,425 648,424 633,424 633,425 629,429 625,429 624,430 621,430 620,431 619,431 618,432 617,432 616,433 611,433 604,426 602,426 601,425 592,425 591,426 586,426 585,427 584,427 583,428 582,428 580,430 544,430 543,431 540,431 539,430 524,430 522,428 521,428 520,427 519,427 518,426 514,426 513,427 510,428 509,429 508,429 507,430 505,430 504,431 503,431 502,432 499,432 498,431 496,431 495,430 468,430 467,431 459,431 458,430 455,430 454,429 453,429 452,428 450,428 449,427 439,427 438,428 436,428 436,429 435,430 373,430 372,431 350,431 349,430 319,430 318,429 309,429 308,430 305,430 304,429 281,429 279,427 277,427 276,426 265,426 264,427 262,427 260,429 245,429 244,430 242,430 241,431 232,432 231,431 230,431 229,430 203,430 202,429 181,429 180,428 170,428 168,426 168,425 167,425 166,424 165,424 164,423 163,423 162,422 152,422"/>
                <pc:Baseline points="93,465 972,466"/>
                <pc:TextEquiv conf="0.997526109218597">
                    <pc:Unicode>zechen und tantzen / wie auß ihren Außſagen</pc:Unicode>
                </pc:TextEquiv>
            </pc:TextLine>
            <pc:TextLine id="OCR-D-BIN-DENOISE-DESKEW_0004_region0001_line0007">
                <pc:AlternativeImage filename="OCR-D-SEG-LINE-RESEG-DEWARP/OCR-D-SEG-LINE-RESEG-DEWARP_0004_OCR-D-BIN-DENOISE-DESKEW_0004_region0001_OCR-D-BIN-DENOISE-DESKEW_0004_region0001_line0007.IMG-DEWARP.png" comments="binarized,despeckled,dewarped"/>
                <pc:Coords points="120,474 118,474 117,475 116,475 114,477 112,477 111,478 110,478 109,479 108,479 107,478 103,478 102,477 98,477 98,525 101,525 102,526 103,526 104,527 106,527 107,526 109,526 110,525 113,525 114,524 121,524 122,525 125,525 126,524 127,524 128,523 146,523 147,524 148,524 149,525 192,525 193,526 204,526 205,525 210,525 211,526 213,526 214,525 220,525 221,524 235,524 237,526 238,525 239,526 246,526 247,525 248,526 287,526 288,525 298,525 299,526 363,526 364,525 376,525 377,526 380,526 382,528 383,528 384,529 385,529 386,530 391,530 392,531 394,531 395,530 399,530 400,529 402,529 402,528 403,527 408,527 409,526 452,526 454,524 455,524 457,522 473,522 474,523 476,523 477,524 489,524 490,525 491,525 492,526 492,527 496,531 501,531 502,530 503,530 504,529 505,529 506,528 515,527 517,529 518,529 519,530 520,530 521,531 525,531 526,532 536,532 537,531 542,531 543,530 544,530 546,528 546,527 547,526 548,526 549,525 558,525 559,526 560,526 561,527 581,527 582,526 586,526 587,525 593,525 594,526 595,526 596,527 597,527 598,528 599,528 600,529 608,529 609,528 610,528 611,527 612,527 613,526 615,526 616,527 617,527 621,531 624,531 625,532 627,532 628,533 634,533 635,532 640,532 641,531 642,531 643,530 645,530 647,528 650,528 651,527 688,527 689,528 697,528 698,527 715,527 716,526 728,526 729,527 732,527 733,528 742,528 743,527 747,527 748,528 758,528 759,527 763,527 764,526 765,526 766,527 773,527 774,526 775,526 776,525 783,525 784,526 785,526 786,527 792,526 793,527 794,527 795,528 804,528 805,527 806,527 807,526 811,526 812,525 813,525 814,524 824,524 825,525 837,525 838,526 839,525 844,525 845,524 850,524 851,525 852,525 853,526 854,526 855,527 856,527 857,526 858,526 859,525 863,525 864,524 880,524 881,525 882,525 885,528 894,528 895,527 911,527 912,528 958,528 959,527 960,527 962,525 962,524 964,522 967,522 968,521 969,521 971,519 971,518 972,517 971,485 970,484 970,483 968,481 967,481 966,480 927,480 926,481 889,481 887,479 887,478 886,478 885,477 883,477 882,476 872,476 871,477 870,477 869,478 867,478 864,481 853,481 852,482 850,482 849,483 833,483 832,482 831,482 830,481 828,481 827,480 815,480 814,481 809,481 808,482 806,482 805,483 800,483 799,482 798,482 794,478 793,479 792,479 791,480 790,480 789,481 787,482 786,483 781,483 780,482 779,482 778,481 777,481 776,480 776,479 773,476 771,476 770,475 762,475 761,476 754,476 753,477 752,477 751,478 750,478 749,477 738,477 737,476 732,476 731,475 725,475 724,476 722,476 721,477 720,477 719,476 718,476 717,475 705,475 704,476 702,476 701,477 699,477 698,478 689,478 688,479 684,479 683,478 683,477 680,474 675,474 674,473 663,473 662,474 660,474 659,475 658,475 657,476 648,476 647,477 646,477 644,479 643,479 639,483 638,483 637,484 625,484 624,483 609,483 608,482 599,482 598,483 596,483 595,484 591,484 590,485 588,485 587,484 583,484 582,483 565,483 564,482 563,482 562,481 551,481 550,482 539,482 538,481 533,481 532,480 528,480 527,479 522,479 521,478 512,479 511,478 504,478 501,475 500,475 499,474 485,474 484,475 482,475 481,476 479,476 478,477 477,477 476,478 460,478 459,479 445,479 444,478 436,478 435,477 417,477 416,476 415,476 414,475 413,475 412,474 408,474 407,475 391,475 390,476 386,476 385,477 383,477 382,478 380,478 379,479 377,479 376,480 373,480 372,479 369,479 368,478 351,478 350,479 348,479 346,477 344,477 343,476 335,476 334,477 331,477 329,479 312,479 311,480 275,480 273,478 272,478 271,477 262,477 261,478 260,478 258,480 221,481 220,480 212,480 211,479 211,477 210,477 209,476 208,476 207,475 194,475 193,476 191,476 190,477 188,477 186,479 185,478 185,477 183,477 182,476 170,476 168,478 167,478 166,479 164,479 163,480 162,479 156,479 155,478 142,478 141,477 130,477 128,475 127,475 126,474 123,474 122,473 121,473"/>
                <pc:Baseline points="94,514 972,517"/>
                <pc:TextEquiv conf="0.989370882511139">
                    <pc:Unicode>kundbar / und iſt auch gantz glaͤublich / wie</pc:Unicode>
                </pc:TextEquiv>
            </pc:TextLine>
            <pc:TextLine id="OCR-D-BIN-DENOISE-DESKEW_0004_region0001_line0008">
                <pc:AlternativeImage filename="OCR-D-SEG-LINE-RESEG-DEWARP/OCR-D-SEG-LINE-RESEG-DEWARP_0004_OCR-D-BIN-DENOISE-DESKEW_0004_region0001_OCR-D-BIN-DENOISE-DESKEW_0004_region0001_line0008.IMG-DEWARP.png" comments="binarized,despeckled,dewarped"/>
                <pc:Coords points="127,525 126,525 125,526 122,526 121,525 114,525 113,526 110,526 109,527 107,527 106,528 98,528 98,575 107,575 108,576 130,576 131,577 145,577 146,576 148,576 149,575 151,575 152,574 153,575 154,575 155,576 163,576 164,575 171,575 172,574 182,574 183,575 184,575 185,576 192,576 193,575 195,575 196,574 206,574 207,575 208,575 209,576 223,576 224,577 227,577 228,578 232,578 239,570 244,570 245,571 248,571 249,572 252,572 253,573 256,573 257,572 258,572 259,571 266,571 267,572 268,572 269,571 274,571 275,572 278,572 279,573 280,573 282,575 347,575 350,572 352,572 353,571 364,571 365,572 367,572 368,573 369,573 370,574 390,574 391,575 463,575 464,574 469,574 470,573 476,573 477,574 478,574 479,575 482,575 483,576 484,576 485,575 488,575 489,574 503,574 504,575 505,574 511,574 512,573 529,572 530,573 546,573 547,574 551,574 552,575 555,575 556,576 559,576 560,577 572,577 573,578 574,578 576,580 577,580 578,581 580,581 581,582 588,582 589,581 591,581 592,580 593,580 594,579 595,579 597,577 700,577 701,576 726,576 727,575 733,575 734,574 743,574 744,575 745,575 746,574 754,574 755,573 758,573 759,574 760,574 761,575 772,575 773,576 774,576 776,574 777,574 778,573 784,573 789,578 789,579 790,578 791,579 794,579 795,580 797,580 798,581 805,581 806,580 809,580 810,579 813,579 813,578 814,577 862,577 863,578 866,578 867,579 872,579 873,578 877,578 878,577 882,577 883,576 913,576 914,575 946,575 947,574 966,574 967,573 968,573 970,571 970,570 971,569 971,543 970,542 970,541 968,539 967,539 966,538 959,538 958,537 939,537 938,536 929,536 928,535 922,535 921,534 917,534 916,533 912,533 911,532 907,532 906,531 900,531 899,530 887,530 886,529 885,529 882,526 881,526 880,525 864,525 863,526 859,526 858,527 857,527 856,528 855,528 854,527 853,527 852,526 851,526 850,525 845,525 844,526 839,526 838,527 837,527 835,529 829,529 828,528 828,527 827,526 825,526 824,525 814,525 813,526 812,526 811,527 808,527 804,531 795,531 794,532 789,533 788,532 788,529 787,528 786,528 785,527 784,527 783,526 776,526 775,527 774,527 773,528 766,528 765,527 764,527 763,528 759,528 758,529 756,529 756,530 755,531 750,531 749,530 732,530 731,529 731,528 729,528 728,527 716,527 715,528 707,528 705,530 702,530 701,531 677,531 676,532 662,532 661,531 653,531 652,532 648,532 647,531 643,531 642,532 641,532 640,533 635,533 634,534 628,534 627,533 625,533 624,532 621,532 617,528 616,528 615,527 613,527 612,528 611,528 610,529 609,529 608,530 600,530 599,529 598,529 597,528 596,528 595,527 594,527 593,526 587,526 586,527 582,527 581,528 580,528 578,530 564,530 562,528 561,528 560,527 559,527 558,526 549,526 548,527 547,527 547,528 544,531 543,531 542,532 537,532 536,533 526,533 525,532 521,532 520,531 519,531 518,530 517,530 516,529 511,530 510,529 506,529 505,530 504,530 503,531 502,531 501,532 496,532 491,527 491,526 490,526 489,525 477,525 476,524 474,524 473,523 457,523 455,525 454,525 452,527 451,527 451,528 450,529 432,529 431,530 400,530 399,531 395,531 394,532 392,532 391,531 386,531 385,530 384,530 383,529 381,529 379,527 377,527 376,526 364,526 363,527 361,527 359,529 349,529 348,530 316,530 315,531 311,531 310,530 303,530 302,529 302,528 301,527 299,527 298,526 288,526 287,527 285,527 281,531 280,530 265,530 264,529 251,529 250,528 240,528 238,526 237,527 235,525 221,525 220,526 214,526 213,527 212,527 212,528 211,529 193,529 192,530 175,530 174,529 163,529 162,528 151,528 150,527 150,526 149,526 148,525 147,525 146,524 128,524"/>
                <pc:Baseline points="94,565 971,565"/>
                <pc:TextEquiv conf="0.996693670749664">
                    <pc:Unicode>ich auch mit andern uͤbereinſtimme / daß gleich⸗</pc:Unicode>
                </pc:TextEquiv>
            </pc:TextLine>
            <pc:TextLine id="OCR-D-BIN-DENOISE-DESKEW_0004_region0001_line0009">
                <pc:AlternativeImage filename="OCR-D-SEG-LINE-RESEG-DEWARP/OCR-D-SEG-LINE-RESEG-DEWARP_0004_OCR-D-BIN-DENOISE-DESKEW_0004_region0001_OCR-D-BIN-DENOISE-DESKEW_0004_region0001_line0009.IMG-DEWARP.png" comments="binarized,despeckled,dewarped"/>
                <pc:Coords points="232,579 228,579 227,578 224,578 223,577 209,577 208,576 207,576 206,575 196,575 195,576 193,576 192,577 190,577 189,578 187,578 186,577 185,577 184,576 183,576 182,575 172,575 171,576 168,576 166,578 158,578 157,577 155,577 154,576 153,576 152,575 151,576 149,576 148,577 146,577 145,578 135,578 134,579 121,579 120,578 108,578 107,579 98,579 98,620 108,620 109,621 116,621 117,620 128,620 129,619 138,619 140,621 142,621 143,622 147,622 148,621 156,621 157,622 170,622 171,623 175,623 176,624 186,624 187,623 192,623 193,624 199,624 200,623 201,623 202,622 203,622 204,621 207,621 208,620 211,620 212,621 215,621 216,620 222,620 223,621 227,621 228,620 243,619 244,620 257,620 258,619 266,619 267,620 267,625 268,626 269,626 270,627 271,627 272,628 273,628 274,629 277,629 278,630 280,630 281,629 285,629 288,626 288,625 289,624 289,623 293,619 295,619 296,618 308,618 309,619 310,619 311,620 322,620 323,621 323,624 325,626 326,626 328,628 329,628 330,629 334,629 335,628 337,628 338,627 340,627 341,626 343,626 345,624 346,624 350,620 353,620 354,621 363,621 364,620 365,620 366,619 380,619 381,620 382,620 383,621 384,621 385,622 391,622 392,623 403,623 404,624 405,623 408,623 409,622 418,622 419,623 421,623 422,624 423,624 424,625 428,625 429,626 437,626 438,625 450,625 451,624 452,625 463,625 464,624 499,624 500,623 512,623 513,622 526,621 527,622 529,622 530,623 532,623 533,624 537,624 538,623 539,623 541,621 544,621 545,622 550,622 551,621 553,621 554,620 569,620 570,621 571,621 572,622 579,622 580,623 581,622 595,622 596,623 603,623 604,622 619,622 620,623 622,623 623,624 624,623 632,623 633,624 645,624 646,625 663,625 664,624 680,624 686,630 695,630 696,629 699,629 702,626 730,626 731,625 735,625 736,624 737,624 738,623 739,623 740,622 742,622 743,621 754,621 755,622 756,622 757,623 758,623 759,624 760,624 763,627 770,627 771,626 772,627 781,627 782,626 829,625 830,626 838,626 839,625 840,626 849,626 850,625 853,625 854,624 855,624 856,623 859,623 860,622 872,622 873,621 884,621 887,624 888,624 890,626 891,626 892,627 895,627 897,625 897,624 898,623 965,623 966,622 967,622 969,620 969,619 970,618 970,592 969,591 969,590 967,588 966,588 965,587 952,587 951,586 936,586 935,585 929,585 928,584 923,584 922,583 918,583 917,582 911,582 910,581 895,581 894,580 892,580 889,577 883,577 882,578 878,578 877,579 873,579 872,580 829,580 828,581 827,581 826,580 810,580 809,581 806,581 805,582 798,582 797,581 795,581 794,580 791,580 790,579 789,580 788,579 788,578 784,574 778,574 777,575 776,575 774,577 773,577 772,576 761,576 760,575 759,575 758,574 755,574 754,575 746,575 745,576 744,576 743,575 734,575 733,576 727,576 726,577 719,577 718,578 715,578 714,579 706,579 705,580 684,580 683,581 605,581 604,580 594,580 593,581 592,581 591,582 589,582 588,583 581,583 580,582 578,582 577,581 576,581 574,579 569,579 568,578 560,578 559,577 556,577 555,576 552,576 551,575 547,575 546,574 530,574 529,573 512,574 511,575 505,575 504,576 503,575 489,575 488,576 485,576 484,577 483,577 482,576 479,576 478,575 477,575 476,574 470,574 469,575 464,575 463,576 461,576 459,578 437,578 436,579 374,579 373,580 372,580 371,579 371,575 370,575 369,574 368,574 367,573 365,573 364,572 353,572 352,573 350,573 347,576 347,578 346,579 306,579 305,578 294,578 293,577 287,577 286,576 282,576 280,574 279,574 278,573 275,573 274,572 269,572 268,573 267,573 266,572 259,572 258,573 257,573 256,574 253,574 252,573 249,573 248,572 245,572 244,571 239,571"/>
                <pc:Baseline points="94,610 970,613"/>
                <pc:TextEquiv conf="0.981335639953613">
                    <pc:Unicode>wie die Nymphæ und Veneres zu Adams⸗</pc:Unicode>
                </pc:TextEquiv>
            </pc:TextLine>
            <pc:TextLine id="OCR-D-BIN-DENOISE-DESKEW_0004_region0001_line0010">
                <pc:AlternativeImage filename="OCR-D-SEG-LINE-RESEG-DEWARP/OCR-D-SEG-LINE-RESEG-DEWARP_0004_OCR-D-BIN-DENOISE-DESKEW_0004_region0001_OCR-D-BIN-DENOISE-DESKEW_0004_region0001_line0010.IMG-DEWARP.png" comments="binarized,despeckled,dewarped"/>
                <pc:Coords points="128,621 117,621 116,622 109,622 108,621 98,621 98,674 124,674 125,673 127,673 128,672 136,672 137,673 138,673 139,674 152,674 153,673 154,673 155,672 156,672 157,671 166,671 167,672 194,672 195,673 196,673 197,674 197,675 198,676 199,676 200,677 201,677 202,678 212,678 213,677 214,677 215,676 216,676 217,675 228,675 230,677 232,677 233,678 237,678 238,678 242,678 243,677 246,677 249,674 269,674 270,673 278,673 279,672 297,672 298,671 300,671 301,670 309,670 310,671 313,671 314,672 316,672 317,671 327,671 331,675 334,675 335,676 339,676 340,675 341,675 343,673 351,673 352,674 355,674 356,675 357,675 359,677 360,677 361,678 362,678 363,679 372,679 373,678 378,678 380,676 380,675 381,674 405,674 406,675 416,675 417,674 427,674 428,675 437,675 438,674 445,674 446,673 447,673 448,672 449,672 450,671 455,671 456,672 458,672 459,671 474,671 475,672 477,672 478,673 480,673 482,675 488,675 489,674 491,674 492,673 501,673 502,674 506,674 507,673 508,673 509,672 514,671 515,670 522,670 523,671 528,671 529,672 530,672 532,674 541,674 542,675 542,676 544,678 545,678 546,679 549,679 550,680 557,680 558,679 559,679 560,678 562,678 564,676 607,676 608,677 609,677 610,678 620,678 621,677 622,677 623,676 624,676 625,675 627,675 628,674 639,674 640,673 642,673 643,672 657,672 658,673 659,673 660,674 661,674 662,675 667,675 668,676 676,676 677,675 684,675 685,676 686,676 687,677 693,677 695,679 697,679 698,680 699,680 700,681 712,681 713,680 716,680 717,679 720,679 721,678 722,678 723,677 725,677 726,676 728,676 729,675 730,675 731,674 735,674 736,675 737,675 738,676 744,676 745,675 763,675 764,674 775,674 776,675 787,675 788,674 789,674 790,672 792,672 793,673 798,673 799,674 809,674 810,673 811,673 812,672 816,672 817,671 829,671 830,672 833,672 834,673 836,673 837,674 849,674 850,675 861,675 864,678 865,678 866,679 868,679 869,680 877,680 878,679 879,679 880,678 881,678 882,677 882,676 883,675 935,675 936,674 967,674 968,673 969,673 971,671 971,670 972,669 972,637 971,636 971,635 969,633 968,633 967,632 947,632 946,631 923,631 922,630 911,630 910,629 901,629 900,628 892,628 891,627 890,627 888,625 887,625 884,622 873,622 872,623 860,623 859,624 856,624 855,625 854,625 853,626 850,626 849,627 848,627 847,628 833,628 832,627 822,627 821,628 820,628 819,629 789,630 788,629 780,629 779,630 778,630 777,629 763,629 762,628 762,627 760,625 759,625 758,624 757,624 756,623 755,623 754,622 743,622 742,623 740,623 739,624 738,624 737,625 736,625 735,626 734,626 733,627 733,628 732,629 721,629 720,630 696,630 695,631 686,631 680,625 664,625 663,626 661,626 658,629 644,629 643,628 632,628 631,627 625,627 624,626 624,625 623,625 622,624 620,624 619,623 604,623 603,624 599,624 598,625 597,624 596,624 595,623 581,623 580,624 579,624 578,625 575,625 574,624 574,623 572,623 571,622 570,622 569,621 554,621 553,622 551,622 550,623 548,623 546,625 533,625 532,624 530,624 529,623 527,623 526,622 521,622 520,623 519,623 518,624 517,624 515,626 511,627 510,628 473,628 472,629 429,629 428,628 426,628 425,627 425,626 424,626 423,625 422,625 421,624 419,624 418,623 409,623 408,624 405,624 404,625 403,625 402,626 396,626 395,625 389,625 388,624 387,624 386,623 385,623 384,622 383,622 382,621 381,621 380,620 366,620 365,621 364,621 363,622 361,622 360,623 359,622 354,622 353,621 350,621 346,625 345,625 343,627 341,627 340,628 338,628 337,629 335,629 334,630 330,630 329,629 328,629 326,627 325,627 323,625 321,625 320,626 314,626 313,625 313,622 312,621 311,621 310,620 309,620 308,619 296,619 295,620 293,620 290,623 290,624 289,625 289,626 285,630 281,630 280,631 278,631 277,630 274,630 273,629 272,629 271,628 270,628 269,627 267,627 266,626 260,626 259,625 255,625 254,624 248,624 247,623 247,622 246,621 244,621 243,620 228,621 227,622 223,622 222,621 216,621 215,622 212,622 211,621 208,621 207,622 204,622 203,623 202,623 201,624 200,624 199,625 190,625 189,626 182,626 181,625 176,625 175,624 171,624 170,623 157,623 156,622 148,622 147,623 143,623 142,622 140,622 138,620 129,620"/>
                <pc:Baseline points="94,663 972,664"/>
                <pc:TextEquiv conf="0.999674022197723">
                    <pc:Unicode>MenſchenLuſt haben und ſolcher begehren / alſo</pc:Unicode>
                </pc:TextEquiv>
            </pc:TextLine>
            <pc:TextLine id="OCR-D-BIN-DENOISE-DESKEW_0004_region0001_line0011">
                <pc:AlternativeImage filename="OCR-D-SEG-LINE-RESEG-DEWARP/OCR-D-SEG-LINE-RESEG-DEWARP_0004_OCR-D-BIN-DENOISE-DESKEW_0004_region0001_OCR-D-BIN-DENOISE-DESKEW_0004_region0001_line0011.IMG-DEWARP.png" comments="binarized,despeckled,dewarped"/>
                <pc:Coords points="156,673 155,673 154,674 153,674 152,675 149,675 148,676 142,676 141,675 139,675 138,674 137,674 136,673 128,673 127,674 125,674 124,675 122,675 122,676 121,677 112,677 111,678 98,678 98,721 113,721 114,720 118,720 119,719 125,719 126,720 130,720 131,721 133,721 134,722 142,722 143,721 155,721 156,722 159,722 160,721 177,721 178,720 196,720 197,719 231,719 232,718 236,718 237,717 242,716 243,717 248,717 249,718 250,718 251,719 265,719 266,720 274,720 275,721 281,721 282,722 287,722 288,723 309,723 310,722 317,722 318,721 334,721 335,720 347,720 348,721 349,721 350,722 351,722 352,723 361,723 362,724 363,724 364,725 365,725 366,726 367,726 368,727 369,727 370,728 383,728 384,727 389,727 390,726 392,726 394,724 429,724 430,723 435,723 436,722 440,722 441,723 441,724 445,728 462,728 464,726 465,726 468,723 469,723 470,722 472,722 473,723 474,723 475,722 476,722 477,721 479,721 480,720 494,720 495,721 496,721 497,722 498,722 501,725 510,725 511,726 515,725 516,726 518,726 519,727 527,727 528,726 530,726 532,724 545,724 546,723 552,723 553,722 559,722 560,721 567,721 568,722 569,722 570,721 572,721 573,720 580,720 581,721 582,721 583,720 586,720 587,721 589,721 590,722 591,722 592,721 598,721 599,720 606,720 607,721 624,721 625,722 633,722 634,723 634,724 635,724 636,725 638,725 639,726 645,726 646,725 647,725 651,721 653,721 654,722 667,722 668,721 671,721 672,720 679,720 680,721 685,721 686,722 687,722 688,723 689,723 691,725 692,725 693,724 694,724 695,723 696,723 697,722 706,722 707,723 716,723 717,724 718,724 719,725 732,725 733,726 735,726 736,727 747,727 748,728 749,727 754,727 755,726 756,726 757,725 824,724 825,723 826,723 827,722 838,722 839,721 846,721 847,720 859,720 860,721 863,721 864,722 865,722 866,723 867,722 868,722 869,721 872,721 873,720 884,720 885,721 888,721 889,722 890,722 891,723 964,723 965,722 966,722 968,720 968,719 969,718 969,691 968,690 968,689 966,687 965,687 964,686 945,686 944,685 931,685 930,684 922,684 921,683 913,683 912,682 905,682 904,681 896,681 895,680 887,680 886,679 880,679 879,680 878,680 877,681 869,681 868,680 866,680 865,679 864,679 861,676 850,676 849,675 837,675 836,674 834,674 833,673 830,673 829,672 817,672 816,673 812,673 811,674 810,674 809,675 799,675 798,674 793,674 792,673 790,673 789,675 788,675 787,676 785,676 784,677 779,677 778,676 776,676 775,675 764,675 763,676 761,676 760,677 757,677 756,676 745,676 744,677 738,677 737,676 736,676 735,675 731,675 730,676 729,676 728,677 727,677 726,678 723,678 722,679 721,679 720,680 717,680 716,681 713,681 712,682 700,682 699,681 698,681 697,680 695,680 694,679 684,679 683,680 670,680 669,679 664,679 663,678 663,676 662,676 661,675 660,675 659,674 658,674 657,673 643,673 642,674 640,674 639,675 628,675 627,676 625,676 624,677 623,677 622,678 621,678 620,679 610,679 609,678 608,679 606,677 594,677 592,679 584,679 583,680 582,679 560,679 559,680 558,680 557,681 550,681 549,680 546,680 545,679 544,679 542,677 533,677 532,676 532,675 530,673 529,673 528,672 523,672 522,671 515,671 514,672 509,673 508,674 507,674 506,675 502,675 501,674 492,674 491,675 489,675 488,676 486,676 485,677 483,677 480,674 478,674 477,673 475,673 474,672 459,672 458,673 456,673 455,672 450,672 449,673 448,673 447,674 446,674 445,675 443,675 441,677 427,677 426,678 406,678 405,679 373,679 372,680 363,680 362,679 361,679 360,678 359,678 357,676 356,676 355,675 352,675 351,674 343,674 341,676 340,676 339,677 335,677 334,676 331,676 327,672 317,672 316,673 314,673 313,672 310,672 309,671 301,671 300,672 298,672 297,673 279,673 278,674 270,674 269,675 265,675 264,676 263,676 262,677 260,677 259,678 243,678 242,679 238,679 237,679 233,679 232,678 223,678 222,677 215,677 214,678 213,678 212,679 202,679 201,678 200,678 199,677 198,677 196,675 196,674 195,674 194,673 167,673 166,672 157,672"/>
                <pc:Baseline points="94,711 969,714"/>
                <pc:TextEquiv conf="0.989372253417969">
                    <pc:Unicode>ein Venus- Berg auffrichten / alſo auch die Teu⸗</pc:Unicode>
                </pc:TextEquiv>
            </pc:TextLine>
            <pc:TextLine id="OCR-D-BIN-DENOISE-DESKEW_0004_region0001_line0012">
                <pc:AlternativeImage filename="OCR-D-SEG-LINE-RESEG-DEWARP/OCR-D-SEG-LINE-RESEG-DEWARP_0004_OCR-D-BIN-DENOISE-DESKEW_0004_region0001_OCR-D-BIN-DENOISE-DESKEW_0004_region0001_line0012.IMG-DEWARP.png" comments="binarized,despeckled,dewarped"/>
                <pc:Coords points="236,719 232,719 231,720 199,720 198,721 184,721 183,722 182,722 180,724 174,724 173,723 172,723 171,722 160,722 159,723 156,723 155,722 143,722 142,723 139,723 138,724 136,724 135,723 134,723 133,722 131,722 130,721 126,721 125,720 119,720 118,721 114,721 113,722 108,722 106,724 98,724 98,773 103,773 105,775 107,775 108,776 120,776 121,775 122,775 123,774 125,774 126,773 136,773 137,772 195,772 196,773 204,773 205,772 245,771 246,770 248,770 249,771 255,771 256,772 260,772 261,771 272,771 273,772 286,772 287,771 289,771 290,770 300,770 301,771 301,772 304,775 304,776 305,777 313,777 314,776 315,776 316,775 318,775 319,774 319,773 320,772 329,772 330,773 338,773 339,774 348,774 349,773 350,773 351,772 367,772 368,771 369,771 370,770 372,770 373,769 386,769 388,771 389,771 390,772 403,772 404,773 413,773 414,772 428,772 429,773 464,773 465,774 465,775 467,777 468,777 469,778 471,778 472,779 479,779 480,778 483,778 485,776 486,776 487,775 489,775 490,774 492,774 493,773 515,772 516,773 524,773 525,772 526,772 527,771 528,772 529,772 530,771 536,771 537,770 544,770 545,771 546,770 547,770 549,768 566,768 567,769 568,769 569,770 572,770 573,771 586,771 587,772 591,772 592,773 620,773 621,772 632,772 633,773 643,773 644,774 654,774 655,773 691,773 692,774 693,773 695,773 697,771 698,771 700,769 702,769 703,770 711,770 712,771 713,771 714,772 719,772 720,773 722,773 723,772 731,772 732,773 736,773 737,772 738,772 740,770 744,770 745,769 760,769 761,770 763,770 764,771 765,771 766,772 772,772 773,773 793,772 794,773 804,773 805,772 812,772 813,773 818,773 819,774 819,775 820,775 821,776 822,776 823,777 827,777 828,778 831,778 832,777 836,777 837,776 838,776 839,775 840,775 840,774 841,773 855,773 859,777 861,777 862,778 873,778 874,777 875,777 876,776 878,776 879,775 881,775 883,773 884,773 885,772 925,772 926,771 965,771 966,770 967,770 969,768 969,767 970,766 970,739 969,738 969,737 967,735 966,735 965,734 938,734 937,733 923,733 922,732 914,732 913,731 907,731 906,730 901,730 900,729 895,729 894,728 892,728 891,727 891,724 890,723 889,723 888,722 885,722 884,721 873,721 872,722 869,722 868,723 867,723 866,724 865,723 864,723 863,722 860,722 859,721 847,721 846,722 839,722 838,723 827,723 826,724 825,724 824,725 822,725 822,726 821,727 782,728 781,727 780,727 779,726 771,726 770,727 769,727 768,728 749,728 748,729 747,728 736,728 735,727 721,727 720,726 719,726 718,725 717,725 716,724 707,724 706,723 697,723 696,724 695,724 694,725 693,725 692,726 691,726 689,724 688,724 687,723 686,723 685,722 680,722 679,721 672,721 671,722 668,722 667,723 654,723 653,722 651,722 647,726 646,726 645,727 639,727 638,726 636,726 635,725 634,725 633,724 633,723 625,723 624,722 607,722 606,721 599,721 598,722 592,722 591,723 590,723 589,722 587,722 586,721 583,721 582,722 581,722 580,721 573,721 572,722 570,722 569,723 568,723 567,722 560,722 559,723 553,723 552,724 546,724 545,725 539,725 538,726 532,726 531,727 528,727 527,728 519,728 518,727 516,727 515,726 501,727 500,726 500,725 498,723 497,723 496,722 495,722 494,721 480,721 479,722 477,722 476,723 475,723 474,724 473,724 472,723 470,723 469,724 468,724 465,727 464,727 462,729 445,729 440,724 440,723 436,723 435,724 430,724 429,725 427,725 425,727 390,727 389,728 384,728 383,729 370,729 369,728 368,728 367,727 366,727 365,726 364,726 363,725 353,725 351,723 350,723 349,722 348,722 347,721 335,721 334,722 318,722 317,723 310,723 309,724 306,724 305,725 294,725 293,724 288,724 287,723 282,723 281,722 275,722 274,721 266,721 265,720 251,720 250,719 249,719 248,718 243,718 242,717 237,718"/>
                <pc:Baseline points="94,762 970,762"/>
                <pc:TextEquiv conf="0.99509608745575">
                    <pc:Unicode>fel die Menſchenmit ihren Wolluͤſten verfuͤh⸗</pc:Unicode>
                </pc:TextEquiv>
            </pc:TextLine>
            <pc:TextLine id="OCR-D-BIN-DENOISE-DESKEW_0004_region0001_line0013">
                <pc:AlternativeImage filename="OCR-D-SEG-LINE-RESEG-DEWARP/OCR-D-SEG-LINE-RESEG-DEWARP_0004_OCR-D-BIN-DENOISE-DESKEW_0004_region0001_OCR-D-BIN-DENOISE-DESKEW_0004_region0001_line0013.IMG-DEWARP.png" comments="binarized,despeckled,dewarped"/>
                <pc:Coords points="372,771 370,771 369,772 368,772 367,773 366,773 363,776 316,776 315,777 314,777 313,778 305,778 303,776 303,775 300,772 300,771 290,771 289,772 287,772 286,773 284,773 284,774 283,775 269,775 268,774 260,774 259,773 256,773 255,772 249,772 248,771 246,771 245,772 242,772 240,774 188,775 186,773 172,773 170,775 123,775 122,776 121,776 120,777 108,777 107,776 98,776 98,820 113,820 114,819 115,819 116,818 118,818 119,817 127,817 128,818 130,818 133,821 140,821 141,820 154,820 155,821 173,821 174,820 175,820 176,819 177,819 178,818 180,818 181,817 200,817 201,818 205,818 206,819 207,819 208,820 209,820 210,821 216,821 217,820 220,820 221,821 247,820 248,821 256,821 257,820 272,820 273,821 283,821 284,820 309,820 310,819 311,819 312,818 314,818 315,817 318,817 319,816 327,816 328,817 330,817 331,818 332,818 333,819 335,819 336,818 345,818 346,819 347,819 348,820 370,820 371,821 415,821 416,820 439,820 440,819 444,819 445,818 448,818 449,817 466,817 467,818 468,818 469,819 481,819 482,820 494,820 495,821 507,821 508,820 509,820 510,819 512,819 513,818 520,817 521,818 525,818 526,819 527,819 528,820 529,820 531,822 537,822 538,823 583,823 584,822 585,822 586,821 588,821 589,820 597,820 598,819 600,819 601,818 606,818 607,817 610,817 611,818 614,818 615,819 617,819 618,820 619,820 620,821 623,821 624,822 632,822 633,821 644,821 645,822 650,822 651,821 655,821 656,820 675,820 682,813 686,813 687,814 688,814 689,815 689,816 690,817 690,818 691,818 694,821 694,822 695,823 697,823 698,824 699,824 700,823 708,823 709,822 710,822 711,821 712,821 714,819 725,819 726,820 727,820 728,821 733,821 735,823 736,823 737,824 738,824 739,825 740,825 741,826 750,826 751,825 752,825 753,824 754,824 754,822 755,821 770,821 774,817 777,817 778,816 786,816 787,817 788,817 789,818 791,817 793,819 794,819 795,820 803,820 804,819 805,819 806,818 807,818 808,817 820,817 821,818 822,818 823,819 835,819 836,820 837,820 838,821 906,821 907,820 966,820 967,819 968,819 970,817 970,816 971,815 970,787 970,787 970,786 967,784 966,784 965,783 956,783 955,782 938,782 937,781 927,781 926,780 917,780 916,779 907,779 906,778 891,778 890,777 882,777 881,776 879,776 878,777 876,777 875,778 874,778 873,779 862,779 861,778 859,778 856,775 849,775 848,776 839,776 838,777 837,777 836,778 832,778 831,779 828,779 827,778 823,778 822,777 821,777 820,776 808,776 807,775 784,776 783,775 775,775 774,776 767,776 766,775 766,773 765,772 764,772 763,771 761,771 760,770 745,770 744,771 740,771 738,773 737,773 736,774 732,774 731,773 723,773 722,774 720,774 719,773 714,773 713,772 712,772 711,771 703,771 702,770 700,770 698,772 697,772 695,774 693,774 692,775 691,774 677,774 676,775 674,775 673,776 669,776 668,777 661,777 660,776 637,776 635,774 633,774 632,773 621,773 620,774 617,774 616,775 609,775 608,774 592,774 591,773 587,773 586,772 573,772 572,771 569,771 568,770 567,770 566,769 549,769 547,771 546,771 545,772 544,771 537,771 536,772 530,772 529,773 525,773 524,774 518,774 517,775 497,776 496,777 494,777 493,776 492,776 491,775 490,775 489,776 487,776 486,777 485,777 483,779 480,779 479,780 472,780 471,779 469,779 468,778 467,778 466,777 463,777 462,776 454,776 453,777 449,777 448,776 438,776 437,777 421,777 420,776 392,776 391,775 391,773 390,773 389,772 388,772 386,770 373,770"/>
                <pc:Baseline points="95,809 971,810"/>
                <pc:TextEquiv conf="0.995128810405731">
                    <pc:Unicode>ren / und einen benanten Ort der Zuſammen⸗</pc:Unicode>
                </pc:TextEquiv>
            </pc:TextLine>
            <pc:TextLine id="OCR-D-BIN-DENOISE-DESKEW_0004_region0001_line0014">
                <pc:AlternativeImage filename="OCR-D-SEG-LINE-RESEG-DEWARP/OCR-D-SEG-LINE-RESEG-DEWARP_0004_OCR-D-BIN-DENOISE-DESKEW_0004_region0001_OCR-D-BIN-DENOISE-DESKEW_0004_region0001_line0014.IMG-DEWARP.png" comments="binarized,despeckled,dewarped"/>
                <pc:Coords points="675,821 656,821 655,822 651,822 650,823 645,823 644,822 635,822 634,823 631,823 630,824 625,824 624,825 621,825 620,824 620,822 619,821 618,821 617,820 615,820 614,819 611,819 610,818 607,818 606,819 601,819 600,820 598,820 597,821 589,821 588,822 586,822 585,823 584,823 583,824 582,824 581,825 566,825 565,824 555,824 554,825 553,825 552,824 538,824 537,823 531,823 529,821 528,821 527,820 526,820 525,819 521,819 520,818 513,819 512,820 510,820 509,821 508,821 507,822 495,822 494,821 482,821 481,820 469,820 468,819 467,819 466,818 449,818 448,819 445,819 444,820 440,820 439,821 416,821 415,822 403,822 402,823 399,823 398,824 360,824 359,823 351,823 349,821 348,821 347,820 346,820 345,819 336,819 335,820 333,820 332,819 331,819 330,818 328,818 327,817 319,817 318,818 315,818 314,819 312,819 311,820 310,820 309,821 307,821 305,823 304,823 303,824 234,825 233,824 220,824 219,823 211,823 209,821 208,821 207,820 206,820 205,819 201,819 200,818 181,818 180,819 178,819 177,820 176,820 175,821 174,821 173,822 172,822 171,823 149,823 148,822 133,822 130,819 128,819 127,818 119,818 118,819 116,819 115,820 114,820 113,821 98,821 98,867 106,867 107,866 127,866 128,867 133,867 134,866 138,866 139,867 149,867 150,868 151,868 152,869 159,869 161,867 162,867 163,866 165,866 166,865 174,865 176,867 176,868 183,868 184,867 185,867 188,870 189,870 192,873 193,873 194,874 195,874 196,873 198,873 200,871 200,870 201,869 202,870 211,870 212,869 233,869 234,868 235,868 236,867 238,866 239,865 241,865 242,864 246,864 247,865 249,865 250,866 253,866 254,867 255,867 257,869 261,869 262,868 263,868 264,867 275,867 276,868 277,868 278,869 279,869 280,870 287,870 288,869 296,869 297,870 303,870 304,871 304,872 305,873 306,873 307,874 309,874 310,873 311,873 312,872 313,872 314,871 316,871 317,870 318,870 319,869 321,869 322,868 324,868 325,867 326,867 327,866 334,866 335,867 339,867 340,868 341,868 342,869 357,869 358,870 363,870 364,869 365,869 366,868 381,868 382,869 384,869 385,870 413,870 414,871 452,871 453,870 459,870 460,869 464,869 465,870 466,869 467,869 468,868 473,868 474,867 484,867 485,868 487,868 488,869 489,869 490,870 499,870 500,871 501,871 502,872 503,872 504,873 519,872 520,873 521,872 523,872 526,869 538,869 539,868 545,868 546,867 556,867 557,868 562,868 563,867 576,867 577,868 579,868 581,870 582,870 583,871 587,871 590,874 592,874 593,875 596,875 597,876 602,876 605,873 606,873 607,872 608,872 609,871 610,871 611,870 616,870 617,871 618,871 619,872 624,872 625,871 628,871 629,870 631,870 632,869 644,869 645,870 646,870 647,871 656,871 657,870 667,870 668,869 675,869 676,868 681,868 682,867 698,867 699,868 700,868 701,869 702,869 703,870 711,870 712,869 771,869 772,870 800,869 801,870 847,870 848,871 931,871 932,870 958,870 959,869 964,869 965,869 966,868 967,868 969,866 969,865 970,864 970,840 970,832 969,831 969,830 967,828 966,828 965,827 902,827 901,826 845,826 844,825 841,825 840,824 840,823 839,822 838,822 837,821 836,821 835,820 823,820 822,819 821,819 820,818 808,818 807,819 806,819 805,820 804,820 803,821 803,823 802,824 796,824 795,823 795,821 794,820 793,820 791,818 789,819 788,818 787,818 786,817 778,817 777,818 774,818 770,822 770,825 769,826 766,826 765,825 753,825 752,826 751,826 750,827 741,827 740,826 739,826 738,825 737,825 736,824 735,824 733,822 728,822 727,821 726,821 725,820 714,820 712,822 711,822 710,823 709,823 708,824 700,824 699,825 698,825 697,824 695,824 693,822 693,821 691,819 690,819 689,818 689,817 688,816 688,815 687,815 686,814 682,814"/>
                <pc:Baseline points="95,857 970,861"/>
                <pc:TextEquiv conf="0.994059145450592">
                    <pc:Unicode>kunfft erwehlen. Es hat ihn VVendelinus</pc:Unicode>
                </pc:TextEquiv>
            </pc:TextLine>
            <pc:TextLine id="OCR-D-BIN-DENOISE-DESKEW_0004_region0001_line0015">
                <pc:AlternativeImage filename="OCR-D-SEG-LINE-RESEG-DEWARP/OCR-D-SEG-LINE-RESEG-DEWARP_0004_OCR-D-BIN-DENOISE-DESKEW_0004_region0001_OCR-D-BIN-DENOISE-DESKEW_0004_region0001_line0015.IMG-DEWARP.png" comments="binarized,despeckled,dewarped"/>
                <pc:Coords points="165,867 163,867 162,868 161,868 159,870 152,870 151,869 150,869 149,868 139,868 138,867 134,867 133,868 128,868 127,867 107,867 106,868 98,868 98,916 101,916 102,917 117,917 179,917 180,918 269,917 270,918 314,918 315,917 347,917 348,916 354,916 355,917 375,917 376,918 395,918 396,919 413,919 414,920 433,920 434,921 456,921 458,923 458,924 461,927 462,927 462,927 473,927 474,927 475,927 477,925 477,924 478,923 478,922 479,921 491,921 492,922 512,922 513,923 528,922 529,923 530,923 533,926 534,926 535,927 546,927 547,926 548,926 551,923 562,923 565,926 566,926 567,927 578,927 579,926 580,926 583,923 617,923 618,924 619,924 620,925 628,925 629,924 633,924 634,925 643,925 644,924 645,924 646,923 650,923 651,924 679,924 680,925 688,925 689,924 697,924 698,925 705,925 746,925 747,924 748,924 750,922 750,921 752,919 753,919 754,918 755,918 757,916 757,915 758,914 758,882 757,881 757,880 755,878 754,878 753,877 751,877 750,876 650,876 649,875 649,873 648,872 647,872 646,871 645,871 644,870 632,870 631,871 629,871 628,872 626,872 623,875 621,875 620,874 620,873 619,873 618,872 617,872 616,871 611,871 610,872 609,872 608,873 607,873 606,874 605,874 602,877 597,877 596,876 593,876 592,875 590,875 587,872 583,872 582,871 581,871 579,869 577,869 576,868 563,868 562,869 557,869 556,868 546,868 545,869 539,869 538,870 535,870 533,872 524,872 523,873 521,873 520,874 519,873 504,874 503,873 502,873 501,872 500,872 499,871 496,871 493,874 492,874 490,872 490,871 489,870 488,870 487,869 485,869 484,868 474,868 473,869 468,869 467,870 466,870 465,871 464,870 460,870 459,871 453,871 452,872 447,872 445,874 433,874 432,875 421,875 420,876 410,876 409,875 388,875 387,874 387,873 386,872 386,871 385,871 384,870 382,870 381,869 366,869 365,870 364,870 363,871 361,871 361,872 360,873 346,873 344,871 344,870 342,870 341,869 340,869 339,868 335,868 334,867 327,867 326,868 325,868 324,869 322,869 321,870 319,870 318,871 317,871 316,872 314,872 313,873 312,873 311,874 310,874 309,875 307,875 306,874 293,874 292,875 282,875 281,874 281,872 279,870 278,870 277,869 276,869 275,868 264,868 263,869 262,869 261,870 260,870 259,871 259,874 258,875 257,874 257,870 255,868 254,868 253,867 250,867 249,866 247,866 246,865 242,865 241,866 239,866 238,867 236,868 235,869 234,869 233,870 233,875 232,876 217,876 216,875 202,875 201,874 196,874 195,875 194,875 193,874 192,874 189,871 188,871 185,868 184,868 183,869 176,869 175,868 175,867 174,866 166,866"/>
                <pc:Baseline points="95,907 757,915"/>
                <pc:TextEquiv conf="0.970969200134277">
                    <pc:Unicode>HelbachiusPoëta alſo beſchrieben.</pc:Unicode>
                </pc:TextEquiv>
            </pc:TextLine>
            <pc:TextEquiv>
                <pc:Unicode>Beſchreibung. · 8
VValpurgæ ,oder den erſten Maji ihren Con-.
vent und Hof halten ſollen / alda von fernen
Orten zuſammen kommen / mit ihren Teuffeln
alda buhlen / die Nacht zubringen mit ſpielen /
zechen und tantzen / wie auß ihren Außſagen
kundbar / und iſt auch gantz glaͤublich / wie
ich auch mit andern uͤbereinſtimme / daß gleich⸗
wie die Nymphæ und Veneres zu Adams⸗
MenſchenLuſt haben und ſolcher begehren / alſo
ein Venus- Berg auffrichten / alſo auch die Teu⸗
fel die Menſchenmit ihren Wolluͤſten verfuͤh⸗
ren / und einen benanten Ort der Zuſammen⸗
kunfft erwehlen. Es hat ihn VVendelinus
HelbachiusPoëta alſo beſchrieben.</pc:Unicode>
            </pc:TextEquiv>
        </pc:TextRegion>
        <pc:TextRegion id="OCR-D-BIN-DENOISE-DESKEW_0004_region0002">
            <pc:Coords points="110,952 105,957 105,958 101,962 101,996 104,999 105,999 107,1001 108,1001 110,1003 111,1003 112,1004 113,1004 114,1005 128,1005 129,1006 160,1006 161,1007 214,1007 215,1008 289,1007 290,1008 363,1008 364,1009 437,1009 438,1010 511,1010 512,1011 585,1010 586,1011 919,1010 920,1009 964,1009 965,1008 968,1008 972,1004 972,970 968,966 963,966 962,965 954,965 953,964 946,964 945,963 937,963 936,962 928,962 927,961 919,961 918,960 910,960 909,959 902,959 901,958 893,958 892,957 884,957 883,956 875,956 874,955 866,955 865,954 858,954 857,953 849,953 848,952 835,952 834,951 816,951 815,950 796,950 795,949"/>
            <pc:TextLine id="OCR-D-BIN-DENOISE-DESKEW_0004_region0002_line0001">
                <pc:AlternativeImage filename="OCR-D-SEG-LINE-RESEG-DEWARP/OCR-D-SEG-LINE-RESEG-DEWARP_0004_OCR-D-BIN-DENOISE-DESKEW_0004_region0002_OCR-D-BIN-DENOISE-DESKEW_0004_region0002_line0001.IMG-DEWARP.png" comments="binarized,despeckled,dewarped"/>
                <pc:Coords points="109,953 109,954 105,958 101,962 101,996 103,998 104,998 105,999 106,1000 107,1000 108,1001 109,1002 110,1002 111,1003 112,1003 113,1004 114,1005 128,1005 143,1005 144,1006 160,1006 177,1006 178,1007 214,1007 216,1007 217,1006 228,1006 229,1007 251,1006 252,1007 289,1007 343,1007 344,1006 446,1006 447,1007 474,1007 475,1008 501,1008 502,1009 575,1008 576,1009 593,1009 594,1010 622,1010 623,1011 703,1011 704,1010 732,1010 733,1009 738,1009 739,1010 868,1009 869,1010 877,1010 878,1009 879,1009 880,1008 893,1008 894,1009 920,1009 961,1009 962,1008 965,1008 967,1008 968,1007 969,1007 971,1005 971,1004 972,1003 972,971 971,970 971,969 969,967 968,967 967,966 963,966 954,966 953,965 900,965 899,964 863,964 862,963 853,963 852,962 852,959 851,958 851,957 848,954 847,954 846,953 845,953 844,952 835,952 834,952 833,953 831,953 830,954 829,954 828,955 824,955 823,956 822,956 818,960 818,961 816,963 815,963 814,962 814,960 813,959 813,958 812,957 812,956 811,955 811,954 809,952 808,952 807,951 804,951 803,950 787,951 786,950 776,950 775,951 760,951 759,952 758,952 756,954 756,955 755,956 755,965 754,966 723,966 722,965 722,962 721,961 721,960 719,958 718,958 717,957 716,957 715,956 706,956 705,957 704,957 700,961 700,962 699,963 699,965 698,966 680,966 679,967 670,967 669,966 669,963 668,962 668,961 666,959 665,959 664,958 663,958 662,957 654,957 653,958 652,957 644,957 641,954 640,954 639,953 631,953 630,954 627,954 626,955 625,955 624,956 623,956 621,958 621,959 620,960 620,964 619,965 599,965 598,964 576,964 575,963 567,963 566,962 561,962 560,961 556,961 555,960 553,960 552,959 548,959 547,958 533,958 529,954 528,954 527,953 525,953 524,952 512,953 511,954 510,954 505,959 503,959 502,960 499,960 498,961 494,961 493,962 490,962 489,963 485,963 484,964 478,964 477,965 470,965 469,966 463,966 462,965 462,962 461,961 461,960 460,959 460,958 458,956 457,956 456,955 445,955 444,956 443,956 441,958 441,959 440,960 440,962 439,963 439,965 438,966 432,966 431,965 400,965 399,964 384,964 383,963 378,963 377,962 375,962 374,961 373,961 372,960 372,959 370,957 369,957 368,956 362,956 361,955 352,955 351,956 346,956 345,955 327,955 326,956 318,956 317,957 312,957 311,958 310,958 309,959 308,959 307,960 306,960 305,961 304,961 303,962 301,962 300,963 295,963 294,964 276,964 275,963 257,963 256,962 256,958 255,957 255,956 252,953 251,953 250,952 249,952 248,951 243,951 235,952 234,953 231,953 230,954 229,954 226,957 226,958 223,961 223,962 221,964 192,964 191,963 178,963 177,962 171,962 170,961 167,961 166,960 164,960 163,959 162,959 161,958 160,958 156,954 155,954 154,953 152,953 151,952 143,952 142,953 135,953 134,952 110,952"/>
                <pc:Baseline points="101,995 972,999"/>
                <pc:TextEquiv conf="0.967598855495453">
                    <pc:Unicode>Mons ſitus Hercinie eſt mediis in ſaltibus</pc:Unicode>
                </pc:TextEquiv>
            </pc:TextLine>
            <pc:TextEquiv>
                <pc:Unicode>Mons ſitus Hercinie eſt mediis in ſaltibus</pc:Unicode>
            </pc:TextEquiv>
        </pc:TextRegion>
        <pc:TextRegion id="OCR-D-BIN-DENOISE-DESKEW_0004_region0003">
            <pc:Coords points="212,1008 205,1008 204,1009 197,1009 196,1010 189,1010 188,1011 181,1011 180,1012 173,1012 172,1013 165,1013 164,1014 157,1014 156,1015 152,1015 147,1020 147,1021 142,1026 142,1027 137,1032 137,1033 133,1037 133,1038 128,1043 128,1044 124,1048 124,1049 119,1054 119,1055 114,1060 114,1061 112,1064 112,1066 111,1067 111,1068 110,1069 110,1070 109,1071 109,1072 108,1073 108,1074 107,1075 107,1076 106,1077 106,1078 105,1079 105,1080 104,1081 104,1083 103,1084 103,1085 102,1086 102,1087 101,1088 101,1089 100,1090 100,1091 99,1092 99,1093 98,1094 98,1095 98,1156 99,1157 100,1157 101,1158 102,1158 104,1160 105,1160 106,1161 107,1161 108,1162 109,1162 110,1163 111,1163 113,1165 114,1165 115,1166 116,1166 117,1167 118,1167 120,1169 121,1169 122,1170 123,1170 124,1171 125,1171 126,1172 127,1172 129,1174 130,1174 131,1175 132,1175 133,1176 134,1176 136,1178 137,1178 138,1179 139,1179 140,1180 141,1180 143,1182 144,1182 145,1183 146,1183 147,1184 148,1184 149,1185 150,1185 152,1187 153,1187 154,1188 155,1188 156,1189 157,1189 159,1191 160,1191 161,1192 162,1192 163,1193 164,1193 165,1194 166,1194 168,1196 169,1196 170,1197 171,1197 172,1198 173,1198 174,1199 175,1199 176,1200 179,1200 180,1201 185,1201 186,1202 362,1201 363,1200 376,1200 377,1199 390,1199 391,1198 404,1198 405,1197 418,1197 419,1196 433,1196 434,1195 447,1195 448,1194 461,1194 462,1193 475,1193 476,1192 489,1192 490,1191 504,1191 505,1190 518,1189 519,1188 532,1188 533,1187 546,1187 547,1186 561,1186 562,1185 575,1185 576,1184 589,1184 590,1183 603,1183 604,1182 617,1182 618,1181 632,1181 633,1180 646,1180 647,1179 660,1179 661,1178 674,1178 675,1177 688,1177 689,1176 703,1176 704,1175 717,1175 718,1174 731,1174 732,1173 745,1173 746,1172 759,1172 760,1171 774,1171 775,1170 788,1170 789,1169 802,1168 803,1167 816,1167 817,1166 831,1166 832,1165 845,1165 846,1164 859,1164 860,1163 873,1163 874,1162 887,1162 888,1161 902,1161 903,1160 916,1160 917,1159 930,1159 931,1158 944,1158 945,1157 958,1157 959,1156 967,1156 971,1152 971,1120 967,1116 965,1116 964,1115 963,1115 962,1114 961,1114 960,1113 958,1113 957,1112 956,1112 955,1111 953,1111 952,1110 951,1110 950,1109 949,1109 948,1108 946,1108 945,1107 944,1107 943,1106 942,1106 941,1105 939,1105 938,1104 937,1104 936,1103 934,1103 933,1102 932,1102 931,1101 930,1101 929,1100 927,1100 926,1099 925,1099 924,1098 923,1098 922,1097 920,1097 919,1096 918,1096 917,1095 915,1095 914,1094 913,1094 912,1093 911,1093 910,1092 908,1092 907,1091 906,1091 905,1090 904,1090 903,1089 901,1089 900,1088 899,1088 898,1087 897,1087 896,1086 894,1086 893,1085 892,1085 891,1084 889,1084 888,1083 887,1083 886,1082 885,1082 884,1081 882,1081 881,1080 880,1080 879,1079 878,1079 877,1078 875,1078 874,1077 873,1077 872,1076 870,1076 869,1075 868,1075 867,1074 866,1074 865,1073 863,1073 862,1072 861,1072 860,1071 859,1071 858,1070 856,1070 855,1069 854,1069 853,1068 851,1068 850,1067 849,1067 848,1066 847,1066 846,1065 841,1065 840,1064 831,1064 830,1063 822,1063 821,1062 812,1062 811,1061 802,1061 801,1060 793,1060 791,1059 782,1060 781,1059 773,1059 772,1058 763,1058 762,1057 753,1057 752,1056 744,1056 743,1055 734,1055 733,1054 725,1054 724,1053 715,1053 714,1052 705,1052 704,1051 696,1051 695,1050 686,1050 685,1049 677,1049 676,1048 667,1048 666,1047 658,1047 657,1046 648,1046 647,1045 638,1045 637,1044 629,1044 628,1043 619,1043 618,1042 610,1042 609,1041 600,1041 599,1040 590,1040 589,1039 581,1039 580,1038 571,1038 570,1037 562,1037 561,1036 552,1036 551,1035 542,1035 541,1034 533,1034 532,1033 523,1033 522,1032 514,1032 513,1032 504,1032 503,1031 495,1031 494,1030 485,1030 484,1029 475,1029 474,1028 466,1028 465,1027 456,1027 455,1026 447,1026 446,1025 437,1025 436,1024 427,1024 426,1023 418,1023 417,1022 408,1022 407,1021 399,1021 398,1020 389,1020 388,1019 379,1019 378,1018 370,1018 369,1017 360,1017 359,1016 349,1016 348,1015 336,1015 335,1014 324,1014 323,1013 311,1013 310,1012 298,1012 297,1011 286,1011 285,1010 273,1010 272,1009 260,1009 259,1008 248,1008 247,1007 235,1008 234,1007 213,1007"/>
            <pc:TextLine id="OCR-D-BIN-DENOISE-DESKEW_0004_region0003_line0001">
                <pc:AlternativeImage filename="OCR-D-SEG-LINE-RESEG-DEWARP/OCR-D-SEG-LINE-RESEG-DEWARP_0004_OCR-D-BIN-DENOISE-DESKEW_0004_region0003_OCR-D-BIN-DENOISE-DESKEW_0004_region0003_line0001.IMG-DEWARP.png" comments="binarized,despeckled,dewarped"/>
                <pc:Coords points="217,1007 216,1008 214,1008 212,1010 212,1011 211,1012 211,1014 210,1015 153,1015 152,1016 151,1016 149,1018 149,1019 148,1020 148,1048 149,1049 149,1050 151,1052 156,1052 157,1053 175,1053 176,1054 185,1054 186,1055 196,1055 197,1056 201,1056 202,1057 216,1057 217,1056 226,1056 227,1057 228,1057 229,1058 231,1058 232,1059 239,1058 240,1059 240,1060 242,1061 242,1062 243,1063 244,1063 245,1064 246,1064 247,1065 248,1065 249,1066 252,1066 253,1067 257,1067 258,1066 270,1066 271,1065 272,1065 273,1064 274,1064 275,1063 276,1063 278,1061 277,1060 278,1059 284,1059 285,1058 305,1058 306,1057 323,1057 324,1058 325,1058 326,1059 328,1059 329,1060 335,1060 336,1059 338,1059 339,1058 341,1058 342,1057 344,1057 345,1056 370,1056 371,1057 379,1057 380,1056 389,1056 390,1055 391,1055 393,1053 393,1052 394,1051 394,1026 393,1025 393,1024 391,1022 390,1022 389,1021 382,1021 381,1020 376,1020 375,1019 371,1019 370,1018 364,1018 363,1017 356,1017 355,1016 343,1016 342,1015 313,1015 312,1014 234,1015 233,1014 233,1011 232,1010 232,1009 231,1008 229,1008 228,1007"/>
                <pc:Baseline points="148,1044 394,1046"/>
                <pc:TextEquiv conf="0.991360485553741">
                    <pc:Unicode>ingens,</pc:Unicode>
                </pc:TextEquiv>
            </pc:TextLine>
            <pc:TextLine id="OCR-D-BIN-DENOISE-DESKEW_0004_region0003_line0002">
                <pc:AlternativeImage filename="OCR-D-SEG-LINE-RESEG-DEWARP/OCR-D-SEG-LINE-RESEG-DEWARP_0004_OCR-D-BIN-DENOISE-DESKEW_0004_region0003_OCR-D-BIN-DENOISE-DESKEW_0004_region0003_line0002.IMG-DEWARP.png" comments="binarized,despeckled,dewarped"/>
                <pc:Coords points="124,1053 123,1054 121,1054 113,1063 113,1064 112,1065 112,1074 111,1075 111,1080 110,1081 110,1082 103,1089 103,1092 104,1093 104,1094 108,1098 109,1098 110,1099 111,1099 112,1100 118,1100 119,1101 122,1101 123,1102 129,1102 130,1103 132,1103 133,1104 134,1104 135,1105 136,1105 137,1106 138,1106 141,1109 143,1109 144,1110 151,1110 152,1111 165,1111 166,1112 188,1112 189,1113 193,1113 194,1114 195,1114 196,1115 199,1115 200,1116 201,1116 202,1115 204,1115 205,1114 205,1113 210,1108 221,1108 222,1109 223,1109 226,1112 226,1113 227,1113 228,1114 229,1114 230,1115 231,1115 232,1116 244,1115 245,1114 248,1114 249,1113 250,1113 251,1112 253,1112 253,1111 254,1110 254,1108 255,1107 260,1107 261,1106 287,1106 288,1105 301,1105 302,1106 330,1106 331,1105 332,1105 333,1104 341,1104 342,1103 350,1103 351,1104 353,1104 354,1105 355,1105 356,1106 361,1106 362,1105 424,1105 425,1106 428,1106 429,1105 430,1105 431,1104 434,1104 435,1103 443,1103 444,1104 448,1104 449,1105 450,1105 451,1106 454,1106 455,1107 527,1106 528,1107 537,1107 538,1108 543,1108 544,1109 546,1109 547,1110 548,1110 549,1111 550,1111 551,1112 552,1112 553,1113 556,1113 558,1115 559,1115 560,1116 562,1116 563,1117 578,1117 579,1116 584,1116 585,1115 592,1115 593,1116 594,1116 595,1117 599,1117 600,1118 607,1118 608,1117 613,1117 614,1116 614,1115 615,1114 615,1113 622,1106 630,1106 631,1107 632,1107 633,1108 648,1108 649,1107 651,1107 652,1106 653,1106 654,1105 661,1105 662,1106 668,1106 669,1105 674,1105 675,1106 678,1106 679,1107 680,1107 681,1108 694,1108 695,1109 695,1115 696,1116 697,1116 698,1117 700,1117 701,1118 714,1118 715,1119 716,1118 720,1118 721,1117 722,1117 724,1115 725,1115 725,1110 726,1109 731,1109 732,1108 746,1108 747,1109 749,1107 750,1107 751,1106 755,1106 756,1105 764,1105 765,1106 768,1106 769,1107 770,1107 771,1108 777,1108 778,1109 779,1109 780,1110 781,1110 782,1111 793,1110 794,1109 795,1109 797,1107 809,1107 810,1106 834,1106 835,1105 845,1105 846,1104 847,1104 849,1102 849,1101 850,1100 850,1070 849,1069 849,1068 847,1066 846,1066 845,1065 791,1065 790,1067 758,1067 757,1066 661,1066 660,1065 660,1062 659,1061 658,1060 656,1058 655,1058 654,1057 642,1057 641,1058 640,1058 638,1060 639,1061 638,1062 638,1065 637,1066 604,1066 603,1065 603,1063 602,1062 602,1061 600,1060 600,1059 598,1057 597,1057 596,1056 585,1056 584,1057 583,1057 582,1058 581,1058 579,1060 580,1061 579,1062 579,1064 578,1065 535,1065 534,1064 530,1064 529,1063 529,1062 528,1061 527,1059 526,1058 526,1057 524,1055 523,1055 522,1054 512,1055 511,1056 510,1056 509,1057 508,1057 506,1059 506,1060 505,1061 506,1063 504,1065 498,1065 497,1064 496,1061 495,1060 495,1059 493,1057 492,1057 491,1056 490,1056 489,1055 481,1055 480,1054 479,1054 478,1053 477,1053 476,1052 467,1052 466,1053 463,1053 462,1054 461,1054 460,1055 459,1055 457,1057 457,1058 456,1059 457,1064 456,1065 446,1065 445,1066 431,1066 430,1067 426,1067 425,1066 424,1059 423,1058 423,1057 420,1054 419,1054 418,1053 407,1053 406,1054 405,1054 404,1055 403,1055 401,1057 401,1058 400,1059 401,1066 400,1067 395,1067 394,1066 393,1066 392,1065 385,1065 384,1064 384,1063 381,1061 380,1061 379,1060 378,1060 377,1059 374,1059 373,1058 371,1058 370,1057 345,1057 344,1058 342,1058 341,1059 339,1059 338,1060 336,1060 335,1061 328,1061 328,1062 324,1062 323,1063 314,1063 313,1064 275,1064 274,1065 273,1065 272,1066 271,1066 270,1067 258,1067 257,1068 253,1068 252,1067 249,1067 248,1066 247,1066 246,1065 245,1065 244,1064 237,1065 235,1063 235,1062 233,1061 233,1060 232,1060 231,1059 229,1059 228,1058 227,1058 226,1057 217,1057 216,1058 213,1058 212,1059 212,1060 211,1061 210,1061 209,1060 208,1060 207,1059 206,1059 205,1058 202,1058 201,1057 197,1057 196,1056 186,1056 185,1055 176,1055 175,1054 157,1054 156,1053"/>
                <pc:Baseline points="104,1094 154,1100 850,1095"/>
                <pc:TextEquiv conf="0.974871516227722">
                    <pc:Unicode>Qui partu Bude divite gignit aquas.</pc:Unicode>
                </pc:TextEquiv>
            </pc:TextLine>
            <pc:TextLine id="OCR-D-BIN-DENOISE-DESKEW_0004_region0003_line0003">
                <pc:AlternativeImage filename="OCR-D-SEG-LINE-RESEG-DEWARP/OCR-D-SEG-LINE-RESEG-DEWARP_0004_OCR-D-BIN-DENOISE-DESKEW_0004_region0003_OCR-D-BIN-DENOISE-DESKEW_0004_region0003_line0003.IMG-DEWARP.png" comments="binarized,despeckled,dewarped"/>
                <pc:Coords points="171,1155 172,1156 176,1156 177,1157 177,1162 178,1163 178,1164 181,1167 184,1167 185,1168 194,1168 195,1167 204,1167 205,1166 207,1166 208,1165 209,1165 210,1164 211,1164 214,1161 214,1160 215,1159 215,1158 217,1156 243,1155 244,1156 244,1160 245,1161 245,1162 247,1162 248,1163 249,1163 250,1164 256,1164 257,1165 262,1160 263,1160 264,1159 267,1159 268,1158 269,1158 270,1157 271,1157 272,1156 274,1156 275,1155 331,1155 332,1156 366,1156 367,1157 367,1162 368,1163 368,1164 370,1166 371,1166 372,1167 377,1167 378,1168 391,1168 392,1167 393,1167 396,1164 396,1163 397,1162 397,1157 398,1156 459,1156 460,1157 497,1157 498,1158 500,1158 501,1159 501,1162 502,1163 502,1164 506,1168 507,1168 508,1169 522,1168 523,1167 525,1167 526,1166 527,1166 529,1164 529,1163 530,1162 530,1158 531,1157 605,1157 606,1158 715,1158 716,1159 724,1159 725,1158 758,1158 759,1159 792,1158 794,1160 795,1160 796,1161 806,1161 807,1160 808,1160 810,1158 838,1158 839,1157 870,1157 871,1156 959,1156 966,1156 967,1155 968,1155 970,1153 970,1152 971,1151 971,1121 970,1120 970,1119 968,1117 967,1117 966,1116 965,1116 951,1116 950,1115 893,1115 892,1114 892,1107 891,1106 891,1105 887,1101 886,1101 885,1100 876,1100 875,1101 870,1101 869,1102 868,1102 866,1104 866,1105 865,1106 865,1113 864,1114 774,1115 773,1114 773,1110 772,1109 771,1109 770,1108 769,1108 768,1107 765,1107 764,1106 756,1106 755,1107 751,1107 750,1108 749,1108 747,1110 746,1109 732,1109 731,1110 729,1110 728,1111 728,1112 727,1113 727,1115 726,1116 724,1116 722,1118 721,1118 720,1119 716,1119 715,1120 714,1119 701,1119 700,1118 698,1118 697,1117 696,1117 695,1116 692,1116 691,1115 684,1115 683,1114 683,1110 682,1109 681,1109 680,1108 679,1108 678,1107 675,1107 674,1106 669,1106 668,1107 662,1107 661,1106 654,1106 653,1107 652,1107 651,1108 649,1108 649,1109 648,1110 648,1114 647,1115 636,1115 635,1114 635,1111 634,1110 634,1109 633,1109 632,1108 631,1108 630,1107 622,1107 616,1113 616,1114 615,1115 615,1116 613,1118 608,1118 607,1119 600,1119 599,1118 595,1118 594,1117 593,1117 592,1116 585,1116 584,1117 579,1117 578,1118 563,1118 562,1117 560,1117 559,1116 558,1116 556,1114 527,1114 526,1113 493,1114 492,1113 453,1113 452,1112 452,1107 451,1107 450,1106 449,1106 448,1105 444,1105 443,1104 435,1104 434,1105 431,1105 430,1106 429,1106 428,1107 425,1107 424,1106 411,1106 407,1110 407,1111 406,1112 406,1113 405,1114 359,1114 358,1113 358,1108 357,1107 356,1107 355,1106 354,1106 353,1105 351,1105 350,1104 342,1104 341,1105 333,1105 332,1106 331,1106 330,1107 328,1107 326,1109 326,1110 325,1111 325,1112 324,1113 307,1113 306,1112 306,1110 305,1109 305,1108 304,1107 302,1107 301,1106 288,1106 287,1107 285,1107 285,1108 284,1109 284,1112 283,1113 251,1113 250,1114 249,1114 248,1115 245,1115 244,1116 232,1117 231,1116 230,1116 229,1115 228,1115 227,1114 226,1114 225,1113 225,1112 223,1110 222,1110 221,1109 210,1109 206,1113 206,1114 204,1116 202,1116 201,1117 200,1117 199,1116 196,1116 195,1115 194,1115 193,1114 155,1114 154,1113 145,1113 144,1114 141,1114 140,1113 140,1109 138,1107 137,1107 136,1106 135,1106 134,1105 133,1105 132,1104 130,1104 129,1103 123,1103 122,1102 119,1102 118,1101 112,1101 111,1100 110,1100 109,1099 98,1099 98,1155"/>
                <pc:Baseline points="96,1146 971,1146"/>
                <pc:TextEquiv conf="0.991386950016022">
                    <pc:Unicode>Longinquis ſi quidem procul ille videtur ab</pc:Unicode>
                </pc:TextEquiv>
            </pc:TextLine>
            <pc:TextLine id="OCR-D-BIN-DENOISE-DESKEW_0004_region0003_line0004">
                <pc:AlternativeImage filename="OCR-D-SEG-LINE-RESEG-DEWARP/OCR-D-SEG-LINE-RESEG-DEWARP_0004_OCR-D-BIN-DENOISE-DESKEW_0004_region0003_OCR-D-BIN-DENOISE-DESKEW_0004_region0003_line0004.IMG-DEWARP.png" comments="binarized,despeckled,dewarped"/>
                <pc:Coords points="274,1157 272,1157 271,1158 270,1158 269,1159 268,1159 267,1160 264,1160 263,1161 262,1161 257,1166 256,1165 250,1165 249,1164 248,1164 247,1163 236,1164 235,1163 227,1163 226,1164 214,1164 213,1165 210,1165 209,1166 208,1166 207,1167 205,1167 204,1168 195,1168 194,1169 185,1169 184,1168 178,1168 177,1169 176,1169 174,1171 174,1172 173,1173 173,1197 174,1198 174,1199 175,1199 176,1199 177,1200 179,1200 181,1200 182,1201 185,1201 189,1201 190,1202 250,1202 355,1201 356,1200 356,1177 355,1176 355,1175 353,1173 352,1173 351,1172 339,1172 338,1171 332,1171 331,1170 328,1170 327,1169 325,1169 324,1168 322,1168 321,1167 319,1167 318,1166 313,1166 312,1165 304,1165 303,1164 287,1164 286,1163 278,1163 277,1162 277,1160 276,1159 276,1158 275,1157 275,1156"/>
                <pc:Baseline points="173,1192 356,1196"/>
                <pc:TextEquiv conf="0.923236012458801">
                    <pc:Unicode>oris,</pc:Unicode>
                </pc:TextEquiv>
            </pc:TextLine>
            <pc:TextEquiv>
                <pc:Unicode>ingens,
Qui partu Bude divite gignit aquas.
Longinquis ſi quidem procul ille videtur ab
oris,</pc:Unicode>
            </pc:TextEquiv>
        </pc:TextRegion>
        <pc:TextRegion id="OCR-D-BIN-DENOISE-DESKEW_0004_region0004">
            <pc:Coords points="100,1649 105,1649 106,1650 115,1650 116,1651 125,1651 126,1652 135,1652 136,1653 145,1653 146,1654 155,1654 156,1655 165,1655 166,1656 174,1656 175,1657 184,1657 185,1658 194,1658 195,1659 204,1659 205,1660 214,1660 215,1661 224,1661 225,1662 234,1662 235,1663 364,1662 365,1661 491,1661 492,1660 514,1660 515,1659 537,1658 538,1657 560,1657 561,1656 583,1656 584,1655 606,1655 607,1654 629,1654 630,1653 652,1653 653,1652 675,1652 676,1651 689,1651 690,1650 695,1650 696,1649 700,1649 701,1648 705,1648 706,1647 711,1647 712,1646 716,1646 717,1645 722,1645 723,1644 727,1644 728,1643 732,1643 733,1642 738,1642 739,1641 743,1641 744,1640 749,1640 750,1639 754,1639 755,1638 759,1638 760,1637 765,1637 766,1636 770,1636 771,1635 776,1635 777,1634 781,1634 782,1633 786,1633 787,1632 792,1631 793,1630 797,1630 798,1629 803,1629 804,1628 808,1628 809,1627 814,1627 815,1626 819,1626 820,1625 824,1625 825,1624 830,1624 831,1623 835,1623 836,1622 841,1622 842,1621 846,1621 847,1620 851,1620 852,1619 857,1619 858,1618 862,1618 863,1617 868,1617 869,1616 873,1616 874,1615 878,1615 879,1614 884,1614 885,1613 889,1613 889,1612 894,1612 895,1611 899,1611 900,1610 904,1610 905,1609 910,1609 911,1608 915,1608 916,1607 921,1607 922,1606 926,1606 927,1605 931,1605 932,1604 937,1604 938,1603 941,1603 945,1599 945,1594 946,1593 946,1585 947,1584 947,1576 948,1575 948,1566 949,1565 949,1557 950,1556 950,1548 951,1547 951,1539 952,1538 952,1530 953,1529 953,1520 954,1519 954,1511 955,1510 955,1502 956,1501 956,1493 957,1492 957,1484 958,1483 958,1475 959,1474 959,1465 960,1464 960,1456 961,1455 961,1447 962,1446 962,1438 963,1437 963,1429 964,1428 964,1420 965,1419 965,1410 966,1409 966,1401 967,1400 967,1392 968,1391 968,1383 969,1382 969,1374 970,1373 970,1364 971,1363 971,1355 972,1354 972,1346 973,1345 972,1225 968,1221 961,1221 960,1220 948,1220 947,1219 934,1219 933,1218 921,1218 920,1217 908,1217 907,1216 894,1216 893,1215 881,1215 880,1214 865,1214 864,1213 847,1213 846,1212 829,1212 828,1211 810,1211 809,1210 792,1210 791,1209 774,1210 773,1209 756,1209 755,1208 737,1208 736,1207 719,1207 718,1206 701,1206 700,1205 677,1205 676,1204 647,1204 646,1203 617,1203 616,1202 587,1202 586,1201 98,1202 98,1647"/>
            <pc:TextLine id="OCR-D-BIN-DENOISE-DESKEW_0004_region0004_line0001">
                <pc:AlternativeImage filename="OCR-D-SEG-LINE-RESEG-DEWARP/OCR-D-SEG-LINE-RESEG-DEWARP_0004_OCR-D-BIN-DENOISE-DESKEW_0004_region0004_OCR-D-BIN-DENOISE-DESKEW_0004_region0004_line0001.IMG-DEWARP.png" comments="binarized,despeckled,dewarped"/>
                <pc:Coords points="98,1252 100,1254 101,1254 102,1255 302,1254 303,1253 349,1253 350,1254 359,1254 360,1253 406,1253 407,1254 438,1254 439,1255 455,1255 456,1256 486,1256 487,1257 516,1256 517,1257 587,1257 588,1256 589,1257 643,1257 644,1258 679,1258 680,1259 727,1259 728,1260 739,1260 740,1259 768,1259 769,1258 778,1258 779,1259 785,1259 786,1260 788,1260 789,1261 789,1264 790,1265 790,1266 793,1268 794,1268 795,1269 801,1269 802,1270 803,1270 804,1271 812,1271 813,1270 814,1270 817,1267 819,1267 820,1266 821,1266 822,1265 823,1265 827,1261 836,1261 837,1260 841,1260 842,1259 844,1259 845,1258 849,1258 850,1257 854,1257 855,1256 873,1256 874,1255 967,1255 968,1254 969,1254 971,1252 971,1251 972,1250 972,1226 971,1225 971,1224 969,1222 968,1222 967,1221 961,1221 954,1221 953,1220 948,1220 929,1220 928,1219 916,1219 915,1218 907,1218 906,1217 898,1217 897,1216 894,1216 888,1216 887,1215 881,1215 875,1215 874,1214 865,1214 802,1214 801,1215 781,1216 780,1215 772,1215 771,1216 716,1216 715,1215 699,1215 698,1214 698,1211 697,1210 697,1209 695,1207 694,1207 693,1206 692,1206 691,1205 682,1205 681,1206 680,1206 677,1209 677,1210 676,1211 676,1214 675,1215 668,1215 667,1214 608,1214 607,1213 598,1213 597,1214 581,1214 580,1213 580,1212 579,1211 579,1210 578,1209 578,1208 577,1207 577,1206 573,1202 572,1202 571,1201 559,1201 559,1202 558,1202 555,1205 555,1206 554,1207 554,1212 553,1213 552,1213 551,1212 551,1211 550,1210 550,1209 549,1208 549,1207 547,1205 546,1205 545,1204 534,1204 533,1205 532,1205 528,1209 528,1210 526,1212 431,1213 430,1214 400,1214 399,1213 399,1208 398,1207 398,1206 395,1203 394,1203 393,1202 384,1202 383,1203 380,1203 379,1204 378,1204 375,1207 375,1208 374,1209 374,1212 373,1213 350,1213 349,1212 336,1212 335,1211 327,1211 326,1210 319,1210 318,1209 311,1209 309,1207 307,1207 306,1206 298,1206 297,1207 291,1207 290,1208 289,1208 288,1207 284,1207 283,1206 281,1206 280,1207 278,1207 276,1209 258,1209 257,1210 248,1210 247,1211 231,1212 230,1211 219,1211 218,1210 213,1210 212,1209 210,1209 209,1208 209,1207 207,1205 204,1205 203,1204 199,1204 198,1203 98,1203 98,1251"/>
                <pc:Baseline points="97,1245 972,1246"/>
                <pc:TextEquiv conf="0.957495331764221">
                    <pc:Unicode>Hunc Proculum meritò nomin req; vo-</pc:Unicode>
                </pc:TextEquiv>
            </pc:TextLine>
            <pc:TextLine id="OCR-D-BIN-DENOISE-DESKEW_0004_region0004_line0002">
                <pc:AlternativeImage filename="OCR-D-SEG-LINE-RESEG-DEWARP/OCR-D-SEG-LINE-RESEG-DEWARP_0004_OCR-D-BIN-DENOISE-DESKEW_0004_region0004_OCR-D-BIN-DENOISE-DESKEW_0004_region0004_line0002.IMG-DEWARP.png" comments="binarized,despeckled,dewarped"/>
                <pc:Coords points="302,1260 301,1261 238,1262 237,1263 170,1263 169,1264 158,1264 157,1265 156,1265 154,1267 154,1268 153,1269 153,1296 156,1299 158,1299 159,1300 161,1300 162,1301 167,1301 168,1302 175,1302 176,1303 236,1303 237,1302 280,1301 281,1300 293,1300 295,1302 296,1302 297,1303 308,1303 309,1302 348,1302 349,1301 361,1301 362,1300 363,1300 365,1298 365,1297 366,1296 366,1266 365,1265 365,1264 363,1262 362,1262 361,1261 347,1261 346,1260"/>
                <pc:Baseline points="153,1292 366,1290"/>
                <pc:TextEquiv conf="0.996899962425232">
                    <pc:Unicode>cant.</pc:Unicode>
                </pc:TextEquiv>
            </pc:TextLine>
            <pc:TextLine id="OCR-D-BIN-DENOISE-DESKEW_0004_region0004_line0003">
                <pc:AlternativeImage filename="OCR-D-SEG-LINE-RESEG-DEWARP/OCR-D-SEG-LINE-RESEG-DEWARP_0004_OCR-D-BIN-DENOISE-DESKEW_0004_region0004_OCR-D-BIN-DENOISE-DESKEW_0004_region0004_line0003.IMG-DEWARP.png" comments="binarized,despeckled,dewarped"/>
                <pc:Coords points="166,1352 167,1353 187,1353 188,1354 197,1354 198,1355 202,1355 203,1356 203,1358 205,1360 207,1360 208,1361 218,1361 219,1360 224,1360 225,1359 226,1359 228,1357 228,1356 229,1355 234,1355 235,1354 237,1354 238,1353 275,1352 276,1351 287,1351 288,1350 290,1350 291,1349 295,1349 296,1348 306,1348 307,1349 308,1349 309,1350 310,1350 311,1351 316,1351 317,1352 318,1352 319,1353 329,1353 330,1352 331,1352 333,1350 347,1350 348,1351 355,1351 356,1352 356,1355 357,1356 357,1357 358,1358 358,1359 361,1362 363,1362 364,1363 370,1363 371,1364 379,1364 380,1365 384,1365 385,1364 386,1364 387,1363 389,1363 390,1362 391,1362 393,1360 393,1359 394,1358 394,1357 395,1356 395,1353 396,1352 435,1352 436,1353 492,1353 493,1354 513,1354 514,1355 584,1354 585,1353 628,1353 629,1352 675,1352 676,1353 677,1353 678,1354 680,1354 681,1355 691,1355 692,1354 693,1354 696,1351 730,1351 731,1352 755,1352 756,1353 787,1353 788,1354 816,1353 817,1354 847,1354 848,1355 868,1355 869,1356 877,1356 878,1355 880,1355 881,1356 890,1356 891,1357 904,1357 905,1356 915,1356 916,1357 960,1357 961,1356 962,1356 964,1354 964,1353 965,1352 965,1347 966,1346 968,1346 969,1345 970,1345 972,1343 972,1342 972,1341 972,1339 972,1309 971,1308 971,1307 969,1305 968,1305 967,1304 884,1304 883,1303 881,1303 880,1302 869,1302 868,1303 866,1303 865,1304 864,1304 863,1305 855,1305 854,1306 848,1306 847,1307 846,1307 842,1303 841,1303 840,1302 830,1302 829,1303 828,1303 825,1306 825,1307 824,1308 824,1309 823,1310 737,1311 736,1312 664,1312 663,1311 659,1311 658,1310 656,1310 655,1309 654,1309 653,1308 653,1307 650,1304 649,1304 648,1303 628,1303 627,1304 626,1304 625,1305 624,1305 622,1307 600,1307 599,1308 584,1308 583,1309 555,1309 554,1310 507,1311 506,1310 441,1310 440,1311 415,1311 414,1312 393,1312 392,1311 382,1311 381,1312 326,1312 325,1311 314,1311 312,1309 312,1308 308,1304 297,1304 296,1303 295,1303 293,1301 281,1301 280,1302 237,1303 236,1304 222,1304 221,1305 219,1305 218,1306 216,1306 215,1307 214,1307 213,1308 211,1308 210,1309 205,1309 204,1310 174,1310 173,1309 168,1309 167,1308 167,1306 166,1305 166,1304 164,1302 162,1302 161,1301 159,1301 158,1300 156,1300 154,1298 138,1298 137,1297 98,1297 98,1352"/>
                <pc:Baseline points="97,1342 965,1347"/>
                <pc:TextEquiv conf="0.96494472026825">
                    <pc:Unicode>Namq; Thuringus eum cum Saone cernit &amp;</pc:Unicode>
                </pc:TextEquiv>
            </pc:TextLine>
            <pc:TextLine id="OCR-D-BIN-DENOISE-DESKEW_0004_region0004_line0004">
                <pc:AlternativeImage filename="OCR-D-SEG-LINE-RESEG-DEWARP/OCR-D-SEG-LINE-RESEG-DEWARP_0004_OCR-D-BIN-DENOISE-DESKEW_0004_region0004_OCR-D-BIN-DENOISE-DESKEW_0004_region0004_line0004.IMG-DEWARP.png" comments="binarized,despeckled,dewarped"/>
                <pc:Coords points="296,1349 295,1350 291,1350 290,1351 288,1351 287,1352 276,1352 275,1353 238,1354 237,1355 235,1355 234,1356 229,1356 229,1357 226,1360 225,1360 224,1361 219,1361 218,1362 208,1362 207,1361 205,1361 204,1360 203,1360 202,1361 198,1361 197,1362 193,1362 192,1363 188,1363 187,1364 183,1364 182,1365 178,1365 177,1366 170,1366 169,1367 168,1367 166,1369 166,1370 165,1371 165,1394 166,1395 166,1396 168,1398 178,1398 179,1399 183,1399 184,1400 185,1400 187,1402 256,1401 257,1400 258,1400 259,1401 260,1401 263,1404 264,1404 265,1405 279,1405 280,1406 284,1406 285,1407 286,1407 287,1408 291,1408 292,1407 292,1406 293,1405 293,1404 294,1403 294,1402 295,1401 315,1401 316,1400 325,1400 326,1401 327,1401 328,1402 330,1402 332,1404 333,1404 334,1405 335,1405 336,1406 338,1406 341,1403 342,1403 343,1402 344,1402 345,1401 346,1401 347,1400 349,1400 350,1399 362,1399 363,1398 379,1398 380,1397 381,1397 383,1395 383,1394 384,1393 384,1369 383,1368 383,1367 382,1366 380,1366 379,1365 371,1365 370,1364 364,1364 363,1363 356,1363 355,1362 333,1362 332,1361 322,1361 321,1362 320,1362 319,1361 314,1361 313,1360 313,1354 312,1353 312,1352 311,1352 310,1351 309,1351 308,1350 307,1350 306,1349"/>
                <pc:Baseline points="165,1391 384,1388"/>
                <pc:TextEquiv conf="0.685853242874146">
                    <pc:Unicode>Hſſiu,</pc:Unicode>
                </pc:TextEquiv>
            </pc:TextLine>
            <pc:TextLine id="OCR-D-BIN-DENOISE-DESKEW_0004_region0004_line0005">
                <pc:AlternativeImage filename="OCR-D-SEG-LINE-RESEG-DEWARP/OCR-D-SEG-LINE-RESEG-DEWARP_0004_OCR-D-BIN-DENOISE-DESKEW_0004_region0004_OCR-D-BIN-DENOISE-DESKEW_0004_region0004_line0005.IMG-DEWARP.png" comments="binarized,despeckled,dewarped"/>
                <pc:Coords points="517,1395 515,1395 514,1397 513,1397 511,1399 511,1400 510,1401 510,1407 509,1408 499,1408 498,1407 498,1402 497,1401 497,1400 494,1397 493,1397 492,1396 480,1396 479,1397 478,1397 474,1401 473,1401 470,1398 469,1398 468,1397 467,1397 466,1396 455,1396 454,1397 451,1397 450,1398 449,1398 445,1402 445,1403 444,1404 444,1405 443,1406 443,1407 441,1409 434,1409 433,1410 420,1410 419,1409 411,1409 410,1410 401,1410 400,1411 382,1411 381,1410 381,1405 380,1404 380,1403 379,1402 379,1401 377,1399 363,1399 362,1400 360,1400 358,1402 357,1401 356,1401 355,1400 350,1400 349,1401 347,1401 346,1402 345,1402 344,1403 343,1403 342,1404 341,1404 338,1407 336,1407 335,1406 334,1406 333,1405 332,1405 330,1403 328,1403 327,1402 326,1402 325,1401 316,1401 315,1402 313,1402 308,1407 308,1408 307,1409 287,1409 286,1408 285,1408 284,1407 280,1407 279,1406 265,1406 264,1405 263,1405 260,1402 259,1402 258,1401 257,1401 256,1402 254,1402 252,1404 252,1405 251,1406 251,1409 250,1410 249,1409 233,1410 232,1409 221,1409 220,1408 211,1408 210,1407 202,1407 201,1406 193,1406 192,1405 189,1405 185,1401 184,1401 183,1400 179,1400 178,1399 169,1399 164,1404 160,1404 159,1403 118,1403 117,1404 100,1404 99,1405 98,1405 98,1444 99,1444 100,1445 117,1445 118,1446 129,1446 130,1447 142,1447 143,1448 152,1448 153,1449 158,1449 159,1450 171,1450 172,1451 186,1451 187,1452 197,1452 198,1453 210,1453 214,1449 215,1449 216,1448 217,1448 219,1446 220,1446 221,1445 225,1445 231,1451 231,1452 232,1453 233,1453 235,1455 236,1455 239,1457 240,1456 241,1456 244,1453 257,1453 258,1452 269,1452 270,1451 272,1451 273,1450 282,1450 283,1451 289,1451 290,1452 290,1455 291,1456 291,1457 293,1457 294,1458 296,1458 297,1459 306,1459 307,1458 310,1458 311,1457 314,1457 314,1456 315,1455 315,1454 316,1453 316,1452 319,1449 320,1449 321,1448 325,1448 326,1447 334,1447 335,1448 336,1448 337,1449 345,1449 346,1450 447,1450 448,1451 501,1451 502,1450 505,1450 506,1451 512,1451 513,1450 514,1450 515,1448 517,1448 518,1447 525,1447 526,1448 543,1448 544,1449 552,1449 553,1450 556,1450 557,1451 646,1451 647,1452 658,1452 659,1451 669,1451 670,1452 690,1452 691,1453 691,1456 692,1457 693,1457 694,1458 695,1458 696,1459 698,1459 699,1460 704,1460 705,1461 707,1461 708,1460 712,1460 713,1459 714,1459 715,1458 716,1458 717,1457 718,1457 719,1456 719,1455 721,1453 735,1453 736,1454 744,1454 746,1456 746,1457 747,1458 749,1458 750,1459 751,1459 752,1460 755,1460 756,1461 769,1461 770,1460 775,1460 776,1459 777,1459 778,1458 780,1458 782,1456 797,1455 798,1456 864,1456 865,1455 867,1455 868,1454 869,1454 871,1452 871,1451 872,1450 872,1418 871,1417 871,1416 868,1413 868,1412 866,1410 865,1410 864,1409 857,1409 856,1408 772,1409 771,1410 741,1410 740,1409 740,1403 739,1402 739,1401 736,1398 735,1398 734,1397 722,1397 721,1398 720,1398 719,1399 718,1399 716,1401 716,1402 715,1403 715,1409 714,1410 705,1410 704,1409 681,1409 680,1408 667,1408 664,1405 663,1405 661,1403 661,1401 660,1400 660,1399 658,1397 657,1397 656,1396 643,1396 642,1397 641,1397 640,1398 639,1398 637,1400 637,1401 636,1402 636,1406 635,1407 574,1407 573,1408 549,1408 548,1407 548,1406 547,1405 547,1404 546,1403 546,1402 544,1400 543,1400 542,1399 534,1399 532,1397 531,1397 530,1396 529,1396 528,1395 527,1395 526,1394 518,1394"/>
                <pc:Baseline points="97,1437 872,1445"/>
                <pc:TextEquiv conf="0.897915601730347">
                    <pc:Unicode>Atq; Eisfeldiacæ ſubdita turba plagæ.</pc:Unicode>
                </pc:TextEquiv>
            </pc:TextLine>
            <pc:TextLine id="OCR-D-BIN-DENOISE-DESKEW_0004_region0004_line0006">
                <pc:AlternativeImage filename="OCR-D-SEG-LINE-RESEG-DEWARP/OCR-D-SEG-LINE-RESEG-DEWARP_0004_OCR-D-BIN-DENOISE-DESKEW_0004_region0004_OCR-D-BIN-DENOISE-DESKEW_0004_region0004_line0006.IMG-DEWARP.png" comments="binarized,despeckled,dewarped"/>
                <pc:Coords points="130,1501 131,1500 144,1500 145,1499 146,1499 147,1498 148,1498 149,1497 152,1497 153,1496 155,1496 156,1495 170,1495 171,1494 177,1494 178,1493 183,1493 184,1494 185,1494 190,1499 192,1499 193,1500 224,1500 225,1501 348,1500 349,1501 349,1506 350,1506 351,1507 352,1507 353,1508 356,1508 357,1509 365,1509 366,1508 369,1508 371,1506 372,1506 373,1505 374,1505 375,1504 375,1501 376,1500 379,1500 380,1499 381,1499 382,1498 402,1498 403,1499 404,1498 421,1498 422,1499 424,1499 425,1500 426,1499 454,1499 455,1500 476,1500 477,1499 478,1499 479,1498 487,1498 488,1499 490,1499 491,1500 509,1500 510,1499 523,1498 524,1499 559,1499 560,1498 561,1498 562,1497 564,1497 565,1496 580,1496 581,1497 582,1497 583,1498 585,1498 586,1497 587,1497 588,1496 599,1496 600,1497 602,1497 603,1498 604,1498 605,1499 622,1499 623,1498 624,1498 625,1497 627,1497 628,1496 631,1496 635,1500 635,1501 640,1506 640,1507 641,1508 648,1508 649,1507 651,1507 652,1506 653,1506 654,1505 654,1500 655,1499 689,1499 690,1500 699,1500 700,1499 721,1499 722,1498 723,1498 724,1497 734,1497 735,1496 749,1496 750,1497 754,1497 755,1498 756,1498 757,1499 762,1499 763,1500 794,1499 795,1498 808,1498 809,1499 812,1499 813,1498 814,1498 815,1497 818,1497 819,1496 823,1496 824,1497 828,1497 829,1498 831,1498 832,1499 833,1499 834,1500 840,1500 841,1501 860,1501 861,1502 889,1502 890,1503 941,1503 942,1502 943,1502 945,1500 945,1499 946,1498 946,1472 945,1471 945,1470 943,1468 942,1468 941,1467 936,1467 935,1466 926,1466 925,1465 919,1465 918,1464 914,1464 913,1463 910,1463 909,1462 905,1462 904,1461 899,1461 898,1460 890,1460 889,1459 874,1459 873,1458 778,1459 777,1460 776,1460 775,1461 770,1461 769,1462 756,1462 755,1461 752,1461 751,1460 750,1460 749,1459 745,1459 744,1458 717,1458 716,1459 715,1459 714,1460 713,1460 712,1461 708,1461 707,1462 705,1462 704,1461 699,1461 698,1460 696,1460 695,1459 694,1459 693,1458 597,1458 596,1457 573,1457 572,1456 561,1456 560,1455 560,1454 559,1453 559,1452 557,1452 556,1451 553,1451 552,1450 544,1450 543,1449 526,1449 525,1448 518,1448 517,1449 515,1449 514,1451 513,1451 512,1452 512,1455 511,1456 492,1456 491,1457 462,1457 461,1458 397,1458 396,1459 359,1459 358,1458 352,1458 351,1457 351,1456 350,1455 350,1454 349,1453 349,1452 348,1451 346,1451 345,1450 337,1450 336,1449 335,1449 334,1448 326,1448 325,1449 321,1449 320,1450 319,1450 317,1452 317,1453 316,1454 316,1455 315,1456 315,1457 314,1458 311,1458 310,1459 307,1459 306,1460 297,1460 296,1459 294,1459 293,1458 288,1458 287,1457 287,1455 286,1454 286,1453 285,1452 283,1452 282,1451 273,1451 272,1452 270,1452 269,1453 267,1453 266,1454 266,1455 265,1456 265,1457 264,1458 239,1458 236,1456 235,1456 233,1454 232,1454 230,1452 230,1451 225,1446 221,1446 220,1447 219,1447 217,1449 216,1449 215,1450 214,1450 210,1454 210,1457 209,1458 188,1458 187,1457 173,1457 172,1456 166,1456 165,1455 164,1455 162,1453 162,1452 161,1451 159,1451 158,1450 153,1450 152,1449 143,1449 142,1448 130,1448 129,1447 118,1447 117,1446 100,1446 99,1445 98,1445 98,1501"/>
                <pc:Baseline points="97,1491 946,1493"/>
                <pc:TextEquiv conf="0.982071340084076">
                    <pc:Unicode>Hic veluti reliquos excellit corpore mantes.</pc:Unicode>
                </pc:TextEquiv>
            </pc:TextLine>
            <pc:TextLine id="OCR-D-BIN-DENOISE-DESKEW_0004_region0004_line0007">
                <pc:AlternativeImage filename="OCR-D-SEG-LINE-RESEG-DEWARP/OCR-D-SEG-LINE-RESEG-DEWARP_0004_OCR-D-BIN-DENOISE-DESKEW_0004_region0004_OCR-D-BIN-DENOISE-DESKEW_0004_region0004_line0007.IMG-DEWARP.png" comments="binarized,despeckled,dewarped"/>
                <pc:Coords points="565,1497 564,1498 562,1498 561,1499 560,1499 559,1500 557,1500 556,1501 556,1502 554,1504 554,1505 553,1506 544,1506 543,1505 529,1505 527,1503 527,1502 526,1501 526,1500 524,1500 523,1499 510,1500 509,1501 507,1501 507,1502 506,1503 506,1504 504,1506 496,1506 495,1505 495,1504 494,1503 494,1502 493,1501 491,1501 490,1500 488,1500 487,1499 479,1499 478,1500 477,1500 476,1501 474,1501 473,1502 473,1503 472,1504 472,1505 471,1506 460,1506 459,1505 439,1505 438,1504 428,1504 426,1502 426,1501 425,1501 424,1500 422,1500 421,1499 404,1499 403,1500 402,1499 382,1499 381,1500 380,1500 379,1501 378,1501 378,1504 377,1505 375,1505 374,1506 373,1506 372,1507 371,1507 369,1509 366,1509 365,1510 357,1510 356,1509 353,1509 352,1508 351,1508 350,1507 278,1507 277,1506 238,1507 237,1506 217,1506 216,1505 192,1505 190,1503 188,1503 187,1504 185,1504 184,1505 183,1505 182,1506 179,1506 178,1507 178,1512 179,1513 178,1514 178,1532 180,1534 180,1535 190,1535 193,1538 197,1538 198,1539 217,1539 218,1540 225,1540 226,1541 229,1541 230,1542 232,1542 234,1544 236,1544 237,1545 238,1545 239,1545 240,1545 241,1546 242,1546 243,1547 244,1547 245,1548 248,1548 249,1549 256,1549 257,1550 257,1554 258,1554 259,1555 260,1555 261,1556 263,1556 264,1557 275,1557 276,1556 279,1556 280,1555 281,1555 282,1554 283,1554 283,1550 284,1549 303,1549 304,1548 305,1548 306,1547 307,1547 308,1546 310,1546 311,1545 321,1545 322,1546 326,1546 327,1547 328,1547 330,1549 338,1549 339,1548 365,1548 366,1547 367,1547 368,1546 369,1546 370,1545 388,1545 389,1546 390,1546 391,1547 408,1547 409,1548 415,1548 416,1547 417,1547 418,1546 431,1546 432,1547 433,1547 434,1548 435,1548 436,1549 643,1548 644,1547 646,1547 647,1548 661,1548 662,1547 674,1547 675,1548 754,1548 755,1547 768,1547 769,1548 789,1548 790,1549 817,1548 818,1549 844,1549 845,1550 870,1550 871,1551 938,1551 939,1550 940,1550 942,1548 942,1547 943,1546 943,1521 942,1520 942,1519 940,1517 939,1517 938,1516 930,1516 929,1515 925,1515 924,1514 922,1514 921,1513 920,1513 919,1512 918,1512 917,1511 916,1511 915,1510 912,1510 911,1509 904,1509 903,1508 891,1508 890,1507 864,1507 863,1506 836,1506 835,1505 835,1501 834,1501 833,1500 832,1500 831,1499 829,1499 828,1498 824,1498 823,1497 819,1497 818,1498 815,1498 814,1499 813,1499 812,1500 809,1500 808,1499 795,1499 794,1500 792,1500 791,1501 791,1502 790,1504 790,1505 789,1506 775,1506 774,1505 764,1505 763,1504 761,1504 759,1502 759,1501 758,1500 757,1500 756,1499 755,1499 754,1498 750,1498 749,1497 735,1497 734,1498 724,1498 723,1499 722,1499 721,1500 719,1500 718,1501 718,1502 716,1504 700,1504 699,1505 685,1505 684,1506 654,1506 653,1507 652,1507 651,1508 649,1508 648,1509 641,1509 639,1507 639,1506 634,1501 634,1500 631,1497 628,1497 627,1498 625,1498 624,1499 623,1499 622,1500 621,1500 621,1505 620,1506 607,1506 606,1505 606,1500 605,1500 604,1499 603,1499 602,1498 600,1498 599,1497 588,1497 587,1498 586,1498 585,1499 583,1499 582,1498 581,1498 580,1497"/>
                <pc:Baseline points="190,1535 943,1542"/>
                <pc:TextEquiv conf="0.977603137493134">
                    <pc:Unicode>uotquot inHerciniæ ſaltibus eſſe vides.</pc:Unicode>
                </pc:TextEquiv>
            </pc:TextLine>
            <pc:TextLine id="OCR-D-BIN-DENOISE-DESKEW_0004_region0004_line0008">
                <pc:AlternativeImage filename="OCR-D-SEG-LINE-RESEG-DEWARP/OCR-D-SEG-LINE-RESEG-DEWARP_0004_OCR-D-BIN-DENOISE-DESKEW_0004_region0004_OCR-D-BIN-DENOISE-DESKEW_0004_region0004_line0008.IMG-DEWARP.png" comments="binarized,despeckled,dewarped"/>
                <pc:Coords points="114,1598 115,1597 129,1597 130,1596 147,1596 148,1595 157,1595 158,1594 162,1594 163,1595 181,1595 182,1596 183,1596 184,1597 188,1597 189,1598 228,1598 229,1599 259,1598 260,1597 273,1597 274,1598 275,1598 276,1599 286,1599 287,1598 300,1598 301,1599 389,1599 390,1598 447,1598 448,1597 489,1597 490,1598 490,1604 491,1604 492,1605 493,1605 494,1606 498,1606 499,1607 509,1607 510,1606 514,1606 515,1604 516,1604 517,1603 519,1603 519,1602 520,1601 520,1597 521,1596 546,1596 547,1597 563,1597 564,1598 564,1603 565,1604 566,1604 567,1605 568,1605 569,1606 572,1606 573,1607 579,1607 580,1606 588,1606 589,1605 590,1605 591,1604 592,1604 593,1603 593,1598 594,1597 620,1597 621,1596 637,1596 638,1597 664,1597 665,1598 666,1598 667,1599 675,1599 676,1598 683,1598 684,1599 766,1599 767,1600 811,1599 812,1600 833,1600 834,1601 852,1601 853,1602 862,1602 863,1603 868,1603 869,1604 878,1604 879,1603 894,1603 895,1604 932,1604 934,1604 935,1603 938,1603 940,1603 941,1602 942,1602 944,1600 944,1599 945,1598 945,1594 945,1571 944,1570 944,1569 941,1566 940,1566 939,1565 929,1565 928,1564 922,1564 921,1563 917,1563 916,1562 914,1562 913,1561 910,1561 909,1560 906,1560 905,1559 901,1559 900,1558 894,1558 893,1557 882,1557 881,1556 850,1556 849,1555 817,1555 816,1554 809,1554 808,1553 802,1553 801,1552 796,1552 795,1551 787,1552 786,1551 773,1551 771,1549 769,1549 768,1548 755,1548 754,1549 751,1549 749,1551 738,1551 737,1552 726,1552 725,1553 715,1553 714,1554 699,1554 698,1555 680,1555 679,1554 679,1552 678,1551 678,1550 677,1549 675,1549 674,1548 662,1548 661,1549 659,1549 659,1550 658,1551 658,1552 657,1553 657,1554 656,1555 624,1555 623,1556 607,1556 606,1555 488,1556 487,1555 453,1555 452,1554 437,1554 436,1553 436,1550 435,1549 434,1549 433,1548 432,1548 431,1547 418,1547 417,1548 416,1548 415,1549 414,1549 413,1550 413,1553 412,1554 394,1554 393,1553 393,1549 392,1548 391,1548 390,1547 389,1547 388,1546 370,1546 369,1547 368,1547 367,1548 366,1548 365,1549 363,1549 362,1550 362,1551 361,1552 361,1553 359,1555 359,1556 358,1557 331,1557 330,1556 330,1550 328,1548 327,1548 326,1547 322,1547 321,1546 311,1546 310,1547 308,1547 307,1548 306,1548 305,1549 304,1549 303,1550 301,1550 300,1551 300,1552 299,1553 299,1554 297,1556 291,1556 290,1555 282,1555 281,1556 280,1556 279,1557 276,1557 275,1558 264,1558 263,1557 261,1557 260,1556 259,1556 258,1555 245,1555 242,1558 241,1558 240,1559 239,1559 238,1561 237,1561 236,1562 235,1562 234,1563 231,1563 230,1564 229,1564 228,1565 222,1565 221,1564 217,1564 215,1562 214,1562 211,1559 208,1559 205,1562 193,1562 192,1561 189,1561 188,1560 186,1560 185,1559 184,1559 182,1557 182,1555 181,1554 181,1553 179,1551 177,1551 176,1550 173,1550 172,1551 170,1551 169,1552 165,1552 164,1551 158,1551 157,1550 155,1550 154,1549 153,1549 152,1548 150,1548 149,1547 148,1547 147,1546 146,1546 145,1545 144,1545 143,1544 142,1544 141,1543 136,1543 135,1542 98,1542 98,1598"/>
                <pc:Baseline points="97,1588 663,1587 945,1594"/>
                <pc:TextEquiv conf="0.978669881820679">
                    <pc:Unicode>Nobilitate ſua ſic hos quoque vincit &amp; arte</pc:Unicode>
                </pc:TextEquiv>
            </pc:TextLine>
            <pc:TextLine id="OCR-D-BIN-DENOISE-DESKEW_0004_region0004_line0009">
                <pc:AlternativeImage filename="OCR-D-SEG-LINE-RESEG-DEWARP/OCR-D-SEG-LINE-RESEG-DEWARP_0004_OCR-D-BIN-DENOISE-DESKEW_0004_region0004_OCR-D-BIN-DENOISE-DESKEW_0004_region0004_line0009.IMG-DEWARP.png" comments="binarized,despeckled,dewarped"/>
                <pc:Coords points="157,1596 148,1596 147,1597 130,1597 129,1598 115,1598 114,1599 112,1599 111,1600 111,1601 110,1602 110,1613 110,1614 101,1614 100,1615 99,1615 98,1616 98,1647 99,1648 100,1648 101,1649 105,1649 195,1649 196,1650 230,1650 231,1651 231,1655 232,1656 232,1657 237,1662 238,1662 239,1663 239,1663 248,1662 249,1661 250,1661 251,1660 253,1660 254,1659 255,1659 258,1656 258,1655 259,1654 259,1650 260,1649 315,1649 316,1648 394,1648 395,1649 395,1653 396,1654 396,1655 400,1659 401,1659 402,1660 405,1660 406,1661 414,1661 415,1660 419,1660 420,1659 421,1659 424,1656 424,1655 425,1654 425,1649 426,1648 436,1648 437,1647 441,1647 442,1648 459,1648 460,1649 460,1653 461,1654 461,1655 464,1658 465,1658 467,1660 468,1660 469,1661 480,1661 481,1660 482,1660 487,1655 487,1654 488,1653 488,1649 489,1648 503,1648 504,1649 543,1648 544,1649 553,1649 554,1648 555,1649 593,1649 594,1650 619,1650 620,1651 632,1651 633,1652 642,1652 643,1651 676,1651 687,1651 693,1645 694,1645 695,1644 709,1644 710,1643 720,1643 721,1642 725,1642 726,1641 727,1641 728,1640 728,1639 734,1633 733,1613 732,1612 732,1611 730,1609 729,1609 728,1608 723,1608 722,1607 679,1607 678,1606 671,1606 670,1605 670,1603 669,1602 669,1601 668,1600 667,1600 666,1599 665,1599 664,1598 650,1598 648,1600 648,1601 647,1602 647,1604 646,1605 644,1605 643,1604 643,1603 642,1602 642,1601 641,1600 641,1599 640,1598 638,1598 637,1597 621,1597 620,1598 617,1598 615,1600 615,1601 612,1604 593,1604 592,1605 591,1605 590,1606 589,1606 588,1607 580,1607 579,1608 573,1608 572,1607 569,1607 568,1606 567,1606 566,1605 554,1605 553,1604 517,1604 516,1605 515,1605 514,1607 510,1607 509,1608 499,1608 498,1607 494,1607 493,1606 492,1606 491,1605 374,1605 373,1606 305,1606 304,1605 304,1602 303,1601 303,1600 301,1600 300,1599 287,1599 286,1600 284,1600 284,1601 283,1602 283,1605 282,1606 280,1606 279,1605 279,1602 278,1601 278,1600 276,1600 275,1599 274,1599 273,1598 260,1598 259,1599 257,1599 257,1600 256,1601 256,1602 255,1603 255,1605 254,1606 253,1606 252,1605 211,1606 210,1605 190,1605 189,1604 189,1602 188,1601 188,1600 186,1598 184,1598 183,1597 182,1597 181,1596 163,1596 162,1595 158,1595"/>
                <pc:Baseline points="98,1639 725,1642"/>
                <pc:TextEquiv conf="0.982072532176971">
                    <pc:Unicode>Et capitis vera proprietate ſui.</pc:Unicode>
                </pc:TextEquiv>
            </pc:TextLine>
            <pc:TextEquiv>
                <pc:Unicode>Hunc Proculum meritò nomin req; vo-
cant.
Namq; Thuringus eum cum Saone cernit &amp;
Hſſiu,
Atq; Eisfeldiacæ ſubdita turba plagæ.
Hic veluti reliquos excellit corpore mantes.
uotquot inHerciniæ ſaltibus eſſe vides.
Nobilitate ſua ſic hos quoque vincit &amp; arte
Et capitis vera proprietate ſui.</pc:Unicode>
            </pc:TextEquiv>
        </pc:TextRegion>
        <pc:TextRegion id="OCR-D-BIN-DENOISE-DESKEW_0004_region0005">
            <pc:Coords points="445,1691 433,1691 429,1695 429,1729 431,1731 431,1732 432,1733 432,1734 434,1736 434,1737 435,1738 435,1739 436,1740 436,1741 438,1743 438,1744 439,1745 439,1746 441,1748 441,1749 442,1750 442,1751 443,1752 665,1752 668,1749 668,1747 669,1746 669,1744 670,1743 670,1741 671,1740 671,1739 672,1738 672,1736 673,1735 673,1733 674,1732 674,1698 670,1694 657,1694 656,1693 631,1693 630,1692 605,1692 604,1691 579,1691 578,1690 553,1690 552,1689 446,1690"/>
            <pc:TextLine id="OCR-D-BIN-DENOISE-DESKEW_0004_region0005_line0001">
                <pc:AlternativeImage filename="OCR-D-SEG-LINE-RESEG-DEWARP/OCR-D-SEG-LINE-RESEG-DEWARP_0004_OCR-D-BIN-DENOISE-DESKEW_0004_region0005_OCR-D-BIN-DENOISE-DESKEW_0004_region0005_line0001.IMG-DEWARP.png" comments="binarized,despeckled,dewarped"/>
                <pc:Coords points="457,1691 445,1691 434,1691 433,1692 432,1692 430,1694 430,1695 429,1696 429,1728 430,1729 430,1730 431,1731 432,1732 433,1732 434,1733 441,1733 442,1734 442,1750 443,1751 443,1752 555,1752 582,1752 664,1752 665,1752 667,1750 667,1749 668,1748 668,1747 668,1737 670,1735 671,1735 673,1733 673,1732 674,1731 674,1699 673,1698 673,1697 671,1695 670,1695 669,1694 657,1694 628,1694 627,1695 608,1695 607,1694 606,1694 605,1693 593,1693 592,1694 591,1694 589,1696 588,1695 577,1695 576,1696 573,1696 572,1695 570,1695 569,1694 567,1694 566,1693 563,1693 562,1692 559,1692 558,1691 553,1691 552,1690 540,1690 539,1689 496,1689 458,1690"/>
                <pc:Baseline points="442,1745 668,1742"/>
                <pc:TextEquiv conf="0.764798045158386">
                    <pc:Unicode>iij</pc:Unicode>
                </pc:TextEquiv>
            </pc:TextLine>
            <pc:TextEquiv>
                <pc:Unicode>iij</pc:Unicode>
            </pc:TextEquiv>
        </pc:TextRegion>
        <pc:TextRegion id="OCR-D-BIN-DENOISE-DESKEW_0004_region0006">
            <pc:Coords points="760,1691 759,1692 758,1692 754,1696 753,1696 748,1701 748,1704 747,1705 747,1710 746,1711 746,1739 751,1744 752,1744 755,1747 766,1747 767,1748 789,1748 790,1749 815,1748 816,1749 845,1749 846,1750 875,1750 876,1751 928,1751 929,1750 959,1750 960,1749 962,1749 963,1748 965,1748 969,1744 969,1710 965,1706 959,1706 958,1705 949,1705 948,1704 939,1704 938,1703 928,1703 927,1702 918,1702 917,1701 907,1701 906,1700 897,1700 896,1699 887,1699 886,1698 876,1698 875,1697 866,1697 865,1696 856,1696 855,1695 845,1695 844,1694 835,1694 834,1693 824,1693 823,1692 814,1692 813,1691 804,1691 803,1690"/>
            <pc:TextLine id="OCR-D-BIN-DENOISE-DESKEW_0004_region0006_line0001">
                <pc:AlternativeImage filename="OCR-D-SEG-LINE-RESEG-DEWARP/OCR-D-SEG-LINE-RESEG-DEWARP_0004_OCR-D-BIN-DENOISE-DESKEW_0004_region0006_OCR-D-BIN-DENOISE-DESKEW_0004_region0006_line0001.IMG-DEWARP.png" comments="binarized,despeckled,dewarped"/>
                <pc:Coords points="759,1692 757,1694 756,1694 754,1696 752,1698 751,1698 748,1701 748,1704 748,1709 747,1710 747,1713 746,1714 746,1739 747,1740 748,1740 752,1744 755,1747 766,1747 777,1747 778,1748 800,1747 801,1748 815,1748 835,1748 836,1749 845,1749 871,1749 872,1750 875,1750 889,1750 890,1751 898,1751 899,1750 929,1750 958,1750 959,1749 960,1749 961,1748 963,1748 964,1748 965,1747 966,1747 968,1745 968,1744 969,1743 969,1711 968,1710 968,1709 966,1707 965,1707 964,1706 959,1706 951,1706 950,1705 949,1705 917,1705 916,1704 857,1704 856,1703 835,1703 834,1702 825,1702 824,1701 819,1701 818,1700 815,1700 814,1699 813,1699 812,1698 811,1698 809,1696 808,1696 807,1695 806,1695 805,1694 804,1694 803,1693 802,1693 800,1691 799,1691 798,1690 795,1690 784,1691 783,1692 771,1692 770,1691 760,1691"/>
                <pc:Baseline points="746,1737 969,1740"/>
                <pc:TextEquiv conf="0.997329354286194">
                    <pc:Unicode>Numen</pc:Unicode>
                </pc:TextEquiv>
            </pc:TextLine>
            <pc:TextEquiv>
                <pc:Unicode>Numen</pc:Unicode>
            </pc:TextEquiv>
        </pc:TextRegion>
        <pc:SeparatorRegion id="OCR-D-BIN-DENOISE-DESKEW_0004_sep0007">
            <pc:Coords points="1204,778 1195,776 1198,909 1195,954 1198,959 1198,1014 1203,1015 1202,1019 1198,1019 1199,1037 1202,1041 1196,1044 1196,1053 1201,1054 1202,1081 1199,1085 1203,1086 1203,1090 1199,1091 1197,1105 1202,1108 1198,1123 1199,1128 1203,1129 1202,1136 1198,1138 1203,1139 1203,1144 1198,1145 1202,1153 1197,1155 1197,1164 1202,1165 1198,1176 1203,1177 1203,1182 1198,1185 1203,1188 1202,1208 1199,1209 1198,1220 1198,1240 1202,1247 1198,1254 1198,1262 1202,1263 1199,1266 1199,1277 1202,1279 1199,1286 1199,1305 1203,1307 1199,1309 1197,1319 1197,1324 1202,1325 1197,1326 1199,1346 1203,1347 1199,1352 1203,1359 1199,1361 1199,1365 1203,1366 1199,1369 1199,1391 1203,1392 1199,1401 1203,1403 1199,1405 1200,1422 1203,1424 1203,1431 1199,1436 1200,1481 1203,1483 1199,1486 1199,1502 1203,1503 1203,1509 1199,1510 1199,1515 1203,1516 1200,1519 1203,1521 1200,1527 1203,1556 1199,1558 1199,1590 1203,1592 1203,1604 1199,1606 1199,1708 1200,1725 1203,1730 1200,1732 1199,1747 1203,1751 1214,1751 1214,1334 1211,1334 1214,1332 1214,1061 1211,1054 1214,1053 1214,775 1206,775"/>
        </pc:SeparatorRegion>
        <pc:SeparatorRegion id="OCR-D-BIN-DENOISE-DESKEW_0004_sep0008">
            <pc:Coords points="1212,198 1209,201 1204,201 1203,200 1203,205 1204,206 1204,207 1203,208 1203,212 1202,213 1202,214 1200,216 1198,216 1198,218 1197,219 1190,219 1190,224 1191,225 1191,226 1192,227 1191,228 1192,235 1193,236 1193,237 1200,237 1201,238 1200,239 1200,241 1204,245 1204,251 1203,252 1203,255 1204,256 1204,258 1203,259 1203,267 1204,268 1204,269 1203,270 1203,271 1204,272 1203,273 1203,281 1204,282 1203,283 1203,296 1204,297 1204,305 1200,309 1193,309 1193,312 1192,313 1192,315 1193,316 1193,337 1194,338 1194,339 1193,340 1193,345 1194,346 1194,366 1193,367 1193,383 1194,384 1194,402 1204,402 1205,403 1208,403 1209,402 1214,402 1213,198"/>
        </pc:SeparatorRegion>
        <pc:SeparatorRegion id="OCR-D-BIN-DENOISE-DESKEW_0004_sep0009">
            <pc:Coords points="1143,89 1144,90 1144,155 1145,156 1145,160 1144,161 1144,182 1145,183 1145,205 1144,206 1145,232 1146,233 1146,318 1147,319 1147,372 1148,373 1148,374 1147,375 1147,385 1148,386 1148,401 1149,402 1149,407 1148,408 1148,420 1149,421 1149,481 1148,482 1148,505 1149,506 1150,580 1151,581 1150,582 1150,596 1151,597 1151,605 1150,606 1150,617 1151,618 1151,664 1152,665 1152,747 1153,748 1153,758 1152,759 1153,822 1154,823 1153,824 1153,835 1154,836 1154,869 1155,870 1155,871 1154,872 1154,934 1155,935 1155,997 1156,998 1156,1000 1155,1001 1155,1011 1156,1012 1156,1028 1170,1028 1171,1029 1172,1029 1173,1030 1177,1030 1177,1029 1178,1028 1178,1020 1177,1019 1177,1001 1176,1000 1176,997 1177,996 1177,993 1176,992 1177,991 1176,990 1176,980 1177,979 1176,978 1176,966 1177,965 1176,964 1176,958 1177,957 1176,956 1176,950 1177,949 1177,945 1176,944 1176,942 1175,941 1175,939 1176,938 1176,877 1175,876 1175,862 1176,861 1176,855 1175,854 1175,850 1176,849 1175,848 1175,847 1176,846 1175,845 1175,834 1176,833 1175,832 1175,827 1176,826 1175,825 1175,811 1176,810 1176,809 1175,808 1175,802 1176,801 1176,793 1175,792 1174,775 1173,774 1173,773 1174,772 1174,761 1175,760 1174,759 1174,758 1175,757 1175,756 1174,755 1174,735 1175,734 1175,728 1174,727 1174,714 1175,713 1175,710 1174,709 1175,708 1175,706 1174,705 1174,683 1175,682 1175,677 1174,676 1174,601 1173,600 1173,592 1174,591 1174,586 1173,585 1173,578 1172,577 1172,562 1173,561 1172,495 1173,494 1172,493 1172,488 1171,487 1172,486 1172,482 1173,481 1173,480 1172,479 1172,473 1173,472 1172,471 1172,399 1171,398 1171,395 1170,394 1170,390 1171,389 1171,382 1172,381 1171,380 1171,328 1170,327 1170,326 1171,325 1171,312 1170,311 1170,251 1169,250 1169,243 1168,242 1168,237 1169,236 1168,212 1169,211 1169,196 1168,195 1168,180 1169,179 1169,167 1168,166 1168,142 1169,141 1169,140 1168,139 1168,134 1167,133 1167,125 1168,124 1168,118 1169,117 1168,116 1168,113 1167,112 1167,107 1168,106 1168,92 1167,91 1167,84 1168,83 1167,82 1167,54 1143,54"/>
        </pc:SeparatorRegion>
        <pc:SeparatorRegion id="OCR-D-BIN-DENOISE-DESKEW_0004_sep0010">
            <pc:Coords points="1174,549 1174,561 1173,562 1173,577 1174,578 1174,585 1175,586 1175,591 1174,592 1174,600 1175,601 1175,676 1176,677 1176,682 1175,683 1175,705 1176,706 1176,708 1175,709 1176,710 1176,713 1175,714 1175,727 1176,728 1176,734 1175,735 1175,755 1176,756 1176,757 1175,758 1175,759 1176,760 1175,761 1175,772 1174,773 1174,774 1175,775 1176,792 1177,793 1177,801 1176,802 1176,808 1177,809 1177,810 1176,811 1176,825 1177,826 1176,827 1176,832 1177,833 1176,834 1176,845 1177,846 1176,847 1176,848 1177,849 1176,850 1176,854 1177,855 1177,861 1176,862 1176,876 1177,877 1177,938 1176,939 1176,941 1177,942 1177,944 1178,945 1178,949 1177,950 1177,956 1178,957 1177,958 1177,964 1178,965 1177,966 1177,978 1178,979 1177,980 1177,990 1178,991 1177,992 1178,993 1178,996 1177,997 1177,1000 1178,1001 1178,1019 1179,1020 1179,1028 1178,1029 1178,1031 1179,1032 1178,1033 1178,1039 1177,1040 1177,1041 1185,1041 1186,1042 1190,1042 1191,1043 1194,1043 1195,1044 1196,1043 1196,1041 1197,1040 1197,1038 1198,1037 1198,1021 1197,1020 1197,1011 1198,1010 1198,1004 1197,1003 1197,998 1198,997 1197,996 1197,959 1196,958 1196,957 1195,956 1195,955 1194,954 1195,953 1195,933 1196,932 1196,910 1197,909 1196,908 1196,884 1195,883 1195,857 1194,856 1194,855 1195,854 1195,851 1196,850 1196,829 1195,828 1195,802 1194,801 1194,795 1195,794 1194,771 1193,770 1193,766 1194,765 1194,761 1195,760 1195,753 1196,752 1195,751 1195,746 1196,745 1196,742 1195,741 1195,740 1196,739 1195,738 1195,736 1196,735 1196,729 1195,728 1195,724 1196,723 1196,719 1195,718 1195,715 1196,714 1196,713 1195,712 1195,696 1196,695 1195,694 1195,658 1194,657 1194,656 1193,655 1193,649 1194,648 1194,626 1193,625 1193,618 1194,617 1194,616 1193,615 1189,615 1188,614 1188,586 1187,585 1188,584 1188,578 1187,577 1187,576 1188,575 1188,562 1189,561 1189,556 1183,556 1182,555 1182,550 1181,550 1180,549"/>
        </pc:SeparatorRegion>
        <pc:SeparatorRegion id="OCR-D-BIN-DENOISE-DESKEW_0004_sep0011">
            <pc:Coords points="1185,426 1184,427 1173,427 1173,471 1174,472 1173,473 1173,479 1174,480 1174,481 1173,482 1173,486 1172,487 1173,488 1173,493 1174,494 1173,495 1174,545 1187,545 1188,544 1190,544 1191,543 1194,543 1194,519 1193,518 1192,490 1193,489 1193,485 1194,484 1194,478 1193,477 1193,473 1194,472 1194,464 1193,463 1194,462 1194,456 1193,455 1193,444 1194,443 1194,439 1193,438 1193,433 1194,432 1194,428 1187,428 1186,427 1186,426"/>
        </pc:SeparatorRegion>
        <pc:SeparatorRegion id="OCR-D-BIN-DENOISE-DESKEW_0004_sep0012">
            <pc:Coords points="1168,82 1169,83 1168,84 1168,91 1169,92 1169,106 1168,107 1168,112 1169,113 1169,116 1170,117 1169,118 1169,124 1168,125 1168,133 1169,134 1169,139 1170,140 1170,141 1169,142 1169,166 1170,167 1170,179 1169,180 1169,195 1170,196 1170,211 1169,212 1170,236 1169,237 1169,242 1170,243 1170,250 1171,251 1171,258 1187,258 1187,254 1186,253 1187,252 1186,251 1186,248 1187,247 1187,245 1186,245 1185,244 1186,243 1186,242 1187,241 1186,240 1186,238 1185,238 1184,237 1183,225 1184,224 1187,224 1189,222 1189,208 1190,207 1190,203 1189,202 1189,198 1190,197 1190,193 1189,192 1189,191 1190,190 1189,189 1189,188 1190,187 1190,186 1189,185 1190,184 1190,182 1189,181 1190,180 1190,157 1191,156 1191,150 1187,150 1186,149 1186,146 1185,145 1185,134 1186,133 1191,133 1191,130 1190,129 1190,128 1191,127 1191,118 1190,117 1190,115 1189,114 1189,67 1190,66 1190,62 1189,61 1189,56 1188,55 1188,54 1168,54"/>
        </pc:SeparatorRegion>
        <pc:SeparatorRegion id="OCR-D-BIN-DENOISE-DESKEW_0004_sep0013">
            <pc:Coords points="1177,1042 1177,1044 1178,1045 1178,1054 1177,1055 1178,1060 1179,1061 1179,1085 1180,1086 1180,1088 1179,1089 1179,1118 1178,1119 1178,1122 1179,1123 1179,1164 1178,1165 1178,1168 1179,1169 1179,1176 1180,1177 1180,1179 1179,1180 1179,1181 1180,1182 1180,1183 1179,1184 1179,1193 1180,1194 1180,1195 1179,1196 1180,1197 1180,1208 1179,1209 1180,1210 1180,1214 1179,1215 1180,1216 1180,1217 1179,1218 1180,1219 1180,1220 1179,1221 1180,1222 1180,1231 1179,1232 1180,1233 1180,1234 1179,1235 1179,1239 1180,1240 1180,1241 1179,1242 1179,1244 1180,1245 1180,1267 1181,1268 1180,1269 1180,1317 1179,1318 1179,1319 1180,1320 1180,1326 1179,1327 1180,1338 1181,1339 1181,1343 1180,1344 1180,1353 1181,1354 1181,1357 1180,1358 1181,1359 1180,1360 1180,1371 1181,1372 1180,1373 1180,1374 1181,1375 1181,1378 1180,1379 1181,1380 1181,1497 1182,1498 1181,1499 1181,1529 1182,1530 1182,1531 1181,1532 1181,1535 1182,1536 1181,1537 1181,1565 1182,1566 1182,1589 1181,1590 1182,1646 1183,1647 1183,1648 1182,1649 1183,1650 1182,1651 1182,1665 1183,1666 1182,1667 1182,1746 1183,1747 1183,1750 1182,1751 1198,1751 1198,1744 1199,1743 1199,1732 1198,1731 1198,1726 1199,1725 1199,1709 1198,1708 1198,1704 1199,1703 1199,1682 1198,1681 1198,1680 1199,1679 1199,1670 1198,1669 1198,1647 1199,1646 1198,1645 1198,1643 1199,1642 1198,1601 1197,1600 1197,1590 1198,1589 1198,1559 1197,1558 1197,1552 1198,1551 1198,1536 1199,1535 1199,1527 1198,1526 1198,1520 1199,1519 1198,1518 1198,1482 1199,1481 1199,1457 1198,1456 1198,1448 1199,1447 1198,1446 1198,1445 1199,1444 1199,1441 1198,1440 1198,1436 1199,1435 1199,1433 1198,1432 1198,1423 1199,1422 1199,1418 1198,1417 1198,1404 1197,1403 1198,1402 1198,1401 1199,1400 1199,1395 1198,1394 1198,1358 1199,1357 1198,1356 1198,1352 1199,1351 1198,1350 1197,1331 1196,1330 1196,1319 1197,1318 1197,1317 1198,1316 1198,1286 1197,1285 1197,1279 1198,1278 1198,1266 1197,1265 1197,1254 1198,1253 1198,1241 1197,1240 1197,1236 1198,1235 1198,1222 1197,1221 1197,1220 1198,1219 1198,1200 1197,1199 1197,1195 1196,1194 1197,1193 1196,1192 1196,1188 1197,1187 1197,1172 1196,1171 1196,1162 1197,1161 1197,1159 1196,1158 1196,1155 1197,1154 1196,1153 1196,1147 1197,1146 1197,1134 1198,1133 1198,1124 1197,1123 1197,1113 1196,1112 1196,1109 1195,1108 1195,1107 1196,1106 1196,1105 1197,1104 1197,1103 1198,1102 1198,1066 1197,1065 1198,1064 1198,1063 1197,1062 1197,1060 1195,1059 1195,1045 1194,1044 1191,1044 1190,1043 1186,1043 1185,1042"/>
        </pc:SeparatorRegion>
        <pc:SeparatorRegion id="OCR-D-BIN-DENOISE-DESKEW_0004_sep0014">
            <pc:Coords points="1195,472 1194,473 1194,477 1195,478 1195,484 1194,485 1194,489 1193,490 1194,518 1195,519 1195,581 1196,582 1195,583 1195,588 1196,589 1196,592 1195,593 1195,600 1196,601 1196,606 1195,607 1195,617 1194,618 1194,625 1195,626 1195,648 1194,649 1194,655 1195,656 1195,657 1196,658 1196,694 1197,695 1196,696 1196,712 1197,713 1197,714 1196,715 1196,718 1197,719 1197,723 1196,724 1196,728 1197,729 1197,735 1196,736 1196,738 1197,739 1196,740 1196,741 1197,742 1197,745 1196,746 1196,751 1197,752 1196,753 1196,760 1195,761 1195,765 1194,766 1194,770 1195,771 1195,775 1200,775 1202,777 1204,777 1204,776 1206,774 1214,774 1214,534 1212,534 1210,536 1205,536 1204,535 1204,534 1206,532 1207,532 1207,530 1206,530 1204,528 1204,527 1203,526 1203,525 1204,524 1204,513 1205,512 1205,511 1204,510 1203,505 1204,504 1204,503 1203,502 1203,500 1204,499 1203,498 1203,488 1204,487 1204,484 1205,483 1205,482 1204,481 1204,479 1205,478 1205,474 1204,473 1203,473 1202,472 1202,471 1205,468 1195,468"/>
        </pc:SeparatorRegion>
        <pc:SeparatorRegion id="OCR-D-BIN-DENOISE-DESKEW_0004_sep0015">
            <pc:Coords points="1193,238 1193,260 1192,261 1192,265 1191,266 1191,267 1192,268 1192,273 1191,274 1192,275 1192,301 1193,302 1193,308 1200,308 1203,305 1203,297 1202,296 1202,283 1203,282 1202,281 1202,273 1203,272 1202,271 1202,270 1203,269 1203,268 1202,267 1202,259 1203,258 1203,256 1202,255 1202,252 1203,251 1203,245 1199,241 1199,239 1200,238"/>
        </pc:SeparatorRegion>
        <pc:SeparatorRegion id="OCR-D-BIN-DENOISE-DESKEW_0004_sep0016">
            <pc:Coords points="1192,131 1192,156 1191,157 1191,180 1190,181 1191,182 1191,184 1190,185 1191,186 1191,187 1190,188 1190,189 1191,190 1190,191 1190,192 1191,193 1191,197 1190,198 1190,202 1191,203 1191,207 1190,208 1190,218 1197,218 1197,216 1198,215 1200,215 1201,214 1201,213 1202,212 1202,208 1203,207 1203,206 1202,205 1202,200 1203,199 1204,200 1209,200 1211,198 1204,198 1203,197 1203,196 1202,195 1202,185 1203,184 1206,184 1208,182 1206,180 1205,180 1204,179 1204,177 1202,177 1201,176 1201,173 1202,172 1202,159 1203,158 1202,157 1202,131"/>
        </pc:SeparatorRegion>
        <pc:SeparatorRegion id="OCR-D-BIN-DENOISE-DESKEW_0004_sep0017">
            <pc:Coords points="1156,1029 1156,1034 1155,1035 1156,1090 1157,1091 1156,1092 1156,1111 1157,1112 1157,1124 1158,1125 1157,1126 1157,1140 1158,1141 1158,1148 1157,1149 1157,1160 1158,1161 1158,1230 1159,1231 1159,1318 1158,1319 1158,1332 1159,1333 1160,1417 1161,1418 1161,1457 1160,1458 1160,1468 1161,1469 1161,1510 1162,1511 1163,1676 1164,1677 1164,1686 1163,1687 1163,1751 1181,1751 1182,1750 1182,1747 1181,1746 1181,1667 1182,1666 1181,1665 1181,1651 1182,1650 1181,1649 1182,1648 1182,1647 1181,1646 1180,1590 1181,1589 1181,1566 1180,1565 1180,1537 1181,1536 1180,1535 1180,1532 1181,1531 1181,1530 1180,1529 1180,1499 1181,1498 1180,1497 1180,1380 1179,1379 1180,1378 1180,1375 1179,1374 1179,1373 1180,1372 1179,1371 1179,1360 1180,1359 1179,1358 1180,1357 1180,1354 1179,1353 1179,1344 1180,1343 1180,1339 1179,1338 1178,1327 1179,1326 1179,1320 1178,1319 1178,1318 1179,1317 1179,1269 1180,1268 1179,1267 1179,1245 1178,1244 1178,1242 1179,1241 1179,1240 1178,1239 1178,1235 1179,1234 1179,1233 1178,1232 1179,1231 1179,1222 1178,1221 1179,1220 1179,1219 1178,1218 1179,1217 1179,1216 1178,1215 1179,1214 1179,1210 1178,1209 1179,1208 1179,1197 1178,1196 1179,1195 1179,1194 1178,1193 1178,1184 1179,1183 1179,1182 1178,1181 1178,1180 1179,1179 1179,1177 1178,1176 1178,1169 1177,1168 1177,1165 1178,1164 1178,1123 1177,1122 1177,1119 1178,1118 1178,1089 1179,1088 1179,1086 1178,1085 1178,1061 1177,1060 1176,1055 1177,1054 1177,1045 1176,1044 1176,1040 1177,1039 1177,1033 1178,1032 1177,1031 1173,1031 1172,1030 1171,1030 1170,1029"/>
        </pc:SeparatorRegion>
        <pc:SeparatorRegion id="OCR-D-BIN-DENOISE-DESKEW_0004_sep0018">
            <pc:Coords points="1191,544 1190,545 1188,545 1187,546 1174,546 1174,548 1180,548 1181,549 1182,549 1183,550 1183,555 1189,555 1190,556 1190,561 1189,562 1189,575 1188,576 1188,577 1189,578 1189,584 1188,585 1189,586 1189,614 1193,614 1194,615 1194,607 1195,606 1195,601 1194,600 1194,593 1195,592 1195,589 1194,588 1194,583 1195,582 1194,581 1194,544"/>
        </pc:SeparatorRegion>
        <pc:SeparatorRegion id="OCR-D-BIN-DENOISE-DESKEW_0004_sep0019">
            <pc:Coords points="1189,223 1187,225 1184,225 1185,237 1186,237 1187,238 1187,240 1188,241 1187,242 1187,243 1186,244 1187,244 1188,245 1188,247 1187,248 1187,251 1188,252 1187,253 1188,254 1188,258 1187,259 1171,259 1171,311 1172,312 1172,325 1171,326 1171,327 1172,328 1172,380 1173,381 1172,382 1172,389 1171,390 1171,394 1172,395 1172,398 1173,399 1173,426 1184,426 1185,425 1186,425 1187,426 1187,427 1194,427 1194,422 1193,421 1193,384 1192,383 1192,367 1193,366 1193,346 1192,345 1192,340 1193,339 1193,338 1192,337 1192,316 1191,315 1191,313 1192,312 1192,302 1191,301 1191,275 1190,274 1191,273 1191,268 1190,267 1190,266 1191,265 1191,261 1192,260 1192,236 1191,235 1190,228 1191,227 1190,226 1190,225 1189,224"/>
        </pc:SeparatorRegion>
        <pc:SeparatorRegion id="OCR-D-BIN-DENOISE-DESKEW_0004_sep0020">
            <pc:Coords points="1189,55 1190,56 1190,61 1191,62 1191,66 1190,67 1190,114 1191,115 1191,117 1192,118 1192,127 1191,128 1191,129 1192,130 1200,130 1203,129 1202,128 1202,111 1201,110 1202,109 1202,100 1203,99 1207,99 1208,100 1208,128 1207,129 1202,130 1203,131 1203,139 1207,139 1208,140 1208,167 1207,168 1203,168 1203,172 1202,173 1202,176 1204,176 1205,177 1205,179 1206,179 1209,182 1208,183 1208,185 1207,186 1203,186 1203,195 1204,196 1204,197 1213,197 1213,63 1208,65 1208,78 1207,79 1203,79 1202,78 1202,65 1203,64 1207,64 1213,58 1213,54 1189,54"/>
        </pc:SeparatorRegion>
        <pc:SeparatorRegion id="OCR-D-BIN-DENOISE-DESKEW_0004_sep0021">
            <pc:Coords points="1194,421 1195,422 1195,432 1194,433 1194,438 1195,439 1195,443 1194,444 1194,455 1195,456 1195,462 1194,463 1195,464 1195,467 1205,467 1206,468 1203,471 1203,472 1204,472 1206,474 1206,478 1205,479 1205,481 1206,482 1206,483 1205,484 1205,487 1204,488 1204,498 1205,499 1204,500 1204,502 1205,503 1205,504 1204,505 1205,510 1206,511 1206,512 1205,513 1205,524 1204,525 1204,526 1205,527 1205,528 1206,529 1207,529 1208,530 1208,532 1207,533 1206,533 1205,534 1205,535 1210,535 1212,533 1214,533 1214,403 1209,403 1208,404 1205,404 1204,403 1194,403"/>
        </pc:SeparatorRegion>
        <pc:SeparatorRegion id="OCR-D-BIN-DENOISE-DESKEW_0004_sep0022">
            <pc:Coords points="178,1496 177,1497 172,1497 171,1498 164,1498 163,1499 158,1499 157,1500 156,1500 154,1502 153,1502 149,1506 149,1507 147,1509 147,1511 146,1512 146,1513 145,1514 145,1530 146,1531 146,1532 147,1533 147,1535 149,1537 149,1538 151,1540 151,1541 154,1544 155,1544 157,1546 158,1546 159,1547 162,1547 163,1546 165,1546 166,1545 174,1545 175,1546 177,1546 178,1547 179,1547 180,1548 181,1548 187,1554 187,1555 188,1556 190,1556 191,1557 192,1557 193,1556 198,1556 199,1555 200,1555 205,1550 206,1550 207,1549 211,1549 212,1550 214,1550 215,1551 216,1551 217,1552 217,1554 216,1555 216,1562 220,1562 221,1563 226,1563 230,1559 231,1559 233,1557 233,1556 235,1554 235,1552 233,1550 233,1549 228,1544 227,1544 225,1542 224,1542 223,1541 222,1541 221,1540 216,1540 215,1541 206,1541 205,1540 196,1540 195,1539 194,1539 193,1538 192,1538 189,1535 185,1535 184,1536 181,1536 180,1535 179,1535 178,1534 178,1533 174,1529 174,1528 173,1527 173,1526 172,1525 172,1522 171,1521 171,1518 172,1517 172,1516 173,1515 173,1514 174,1513 174,1512 175,1511 175,1509 176,1508 176,1505 177,1504 177,1503 178,1502 178,1500 179,1499 179,1498 180,1497 180,1496"/>
        </pc:SeparatorRegion>
    </pc:Page>
</pc:PcGts>
