1240 1948
333 139 1086 199 24 1Theil. Cap. 2. 6. Blockenberges
333 190 1119 253 Ja wenn fie nicht thun Buß auff Erden /
332 225 1015 303 Koͤnnen ſie auch nicht ſelig werden.
331 289 1034 353 Daß ſey nun gnug von Zauberinn.
331 340 965 399 Auff daß wir aber unſern Sinn
331 388 984 450 Anwenden an den Prockelsberg /
329 436 938 500 Zn beſchreiben gaͤntzlich merck /
328 488 839 544 So iſt auch uͤberall alda /
324 537 915 597 Derſelbig Berg eine Practica
319 586 1032 649 Der Landleut / welche offt ohne irren
319 635 942 699 Gut Wetter/ daher practiciren:
321 686 1042 748 Denn wenn ein ſtarcker Nebel trifft /
323 735 1031 800 Recht ſolchen Berg / wie ich bericht /
326 782 914 844 So faͤlt gewiß denſelben Tag /
330 831 947 896 Ein Regen / iſt wahr als ich ſag.
333 882 1027 945 Wenn aber ſolcher Berg gantz frey
333 931 1006 992 Ohne Nebel iſt / ohne allen Scheu /
333 978 973 1045 So folget ein ſchoͤner heller Tag /
335 1030 911 1093 Alsdann darin ein jeder mag /
336 1077 1011 1142 Mit Freuden an fein Arbeit gahn /
338 1128 1047 1188 Auch wandern / reiten / nnd alsdann
338 1177 963 1241 Noch weiter / daß fuͤr ſolche Zeit /
337 1228 1011 1294 Gott werde gedanckt in Ewigkeit
166 1312 1160 1393 enrie. Dieſes bekraͤfftiget auch Henricus Korn⸗
165 1368 1160 1435 Kornm. e mann in folgenden Worten: Die ſes iſt ein ho⸗
166 1417 1160 1478 Rirchaina her Berg in Thuͤringen / genant der Prockels.
167 1468 1160 1527 Chatto· berg / wird allezeit umb ſich auff die ſechszehen
167 1514 314 1553 ru. 1t
169 1513 1160 1594 mont. v Meilweaes geſehen: dieſer iſt gar beruͤhmt
169 1559 1160 1636 ncris e. ,, durch gantz Teutſchland / von den Hexen und
170 1611 1160 1687 2. Vnholden / daß ſie alda jaͤhrlich in der Nacht
991 1666 1160 1713 VVal-
