1318 2366
367 311 718 352 — .
721 311 902 335 ⸗
125 394 1149 471 Schlefiſche Kuppe gewiß nicht: wir nennen es
125 472 1149 549 das Gluͤhen der Alpen. Kommt, ſetzt Euch
125 552 1149 627 dort unter die breitaͤſtige Buche, da iſt immer
125 629 1149 709 des Abends mein Plaͤtzchen; darum hat auch
125 713 1150 789 unſer alter Senn ein weiches Moosbett mir
125 793 927 865 unter dem Schatten gezimmert.''
139 867 1150 945 Wir ſetzten uns. Ringsum bluͤhten rothe
125 946 1150 1024 Weidenroͤslein *), Thymian, rother Schwin—
125 1029 1150 1104 gel ), Mannsſchild d), Enzian und Ei—
125 1102 1150 1183 ſenhuͤttlein)⸗ und tauſend andere herrliche
125 1188 1150 1260 Blumen, und das liebliche Stendelkraut r†)
125 1267 1150 1342 wuͤrzte die Abend⸗ Luft mit ſeinem Vanillen-
125 1347 339 1417 geruch.
125 1422 657 1518 Mimili holte aus
673 1421 1150 1500 ihrem Koͤrbchen ein
167 1591 1054 1661 *) Epilobium alpinum angustiſolium.
167 1683 624 1746 *r) Festuca rubra.
585 1749 698 1784 9
167 1772 1150 1837 n) Androsace villosa; die Blume iſt milchweis,
178 1828 951 1893 mit gruͤnen und rothen Sternen.
170 1918 1150 1986 1) Wird 4 bis 5 Fuß hoch, und bluͤht blau und
177 1977 392 2041 gelb.
173 2066 712 2135 f) Satyrium nigrum.
