1318 2366
488 252 1071 314 — 136 —
264 353 1283 442 ſolchen nicht erhalten; *) die Kugel, die zwi⸗
261 434 1283 524 ſchen zwei Rippen auf der linken Bruſt ſitzen
257 512 1283 597 geblieben, iſt in Freiburg heraus geſchmtten
254 592 1283 673 worden; ich trage ſie jetzt an einem goldenen
253 670 1283 755 Kettchen auf meinem Herzen; ſeine Hiebwunde
252 750 1283 838 iſt ſchlimmer geweſen; doch heilt ſie jetzt von
250 828 1283 910 Tage zu Tage immer beſſer, und die Narbe
246 912 1283 997 wird ihm recht ſchmuck laſſen. Selbſt ſeine
244 985 1283 1073 Baͤſſe kleidet ihn nicht uͤbel; er iſt zahm und
241 1070 1283 1154 fromm geworden, und das ſoll mir in der Ehe
241 1146 1283 1231 zu paſſe kommen, denn er war ſonſt zuweilen
241 1225 1012 1305 auch aar zu wild und unbaͤndig.
261 1300 1283 1390 Er traͤgt mir eben einen Kuß an Euch auf,
241 1385 1283 1468 aber den ſollt Jhr gut haben, bis ich ihn Euch
241 1465 691 1541 ſelbſt geben kann.
261 1541 1283 1627 Jhr muͤßt ſchlechterdings bei unſerer Hoch⸗
241 1626 1283 1705 zeit ſeyn, die auf naͤchſten Himmelfahrtstag
265 1746 1283 1814 ) Dieſer Brief traf erſt 14 Tage nach Mimilis
276 1805 1283 1875 Schreiben ein; ich hatte unterdeſſen, Berufsge⸗
315 1860 1283 1929 ſchaͤfte halber, einigemal meinen Aufenthalt
315 1911 1283 1988 veraͤndern muͤſſen, und daher war mir der Frei⸗
314 1974 1283 2044 burger Brief von einem Ort zum andern nach⸗
313 2031 715 2091 geſendet worden.
