1318 2366
386 249 965 294 — 12 —
164 345 1187 427 ſah ich ſie noch einmal; ſie winkte mit ih—
164 424 1187 502 rem weißen Tuche zu mir herab, ſie warf
164 505 1187 580 mir mit ihren Roſenfingern die freundlich⸗
164 584 1187 666 ſten Kuͤſſe noch zu, und breitete, auf das
164 663 1187 744 Wiederſehn deutend, die Arme nach dem
164 744 1187 822 Thale aus. Dann ſah ich ſie uicht wie—
164 836 501 898 D, — —
184 981 1187 1062 So weit die Geſchichte meines gluͤckli—
164 1065 1187 1143 chen Freundes, an der ich weiter keinen
164 1137 1187 1224 Theil habe, als das Vergnuͤgen, ſie erzaͤhlt
164 1222 1187 1303 zu haben, und den bittern Groll, nicht an
164 1301 1187 1376 des Neidenswerthen Stelle geweſen zu ſeyn.
180 1380 1187 1455 Mimili hat ihm ihr Bild geſandt, )
164 1459 1187 1543 und ſeitdem, daß ich es geſehen, verzeihe ich
164 1535 1187 1623 ihm, daß er ſeit ſeiner Ruͤckkunft aus der
164 1613 1187 1701 Schweiz, ungenießbar iſt, fuͤr jedermann,
164 1698 1187 1777 und nichts weiter denkt und ſinnt und weiß,
164 1781 638 1864 als ſeine Mimili.
164 1912 1187 1988 *) Es iſt das Titelkupfer, von Wocher gemalt,
226 1969 1187 2036 und dem licbenswuͤrdigen Originale hoͤchſt
276 2029 703 2090 treu und aͤhnlich.
