1318 2366
419 295 976 351 — 2 —
180 390 1207 467 die Kinder, die an der Mutter Bruſt ſterben;
180 471 1207 547 die ſind fuͤr dies Leben nicht. Die Luft des
180 551 1207 629 Jrdiſchen iſt ihnen zu ſchwer, ſie ſtreben zum
180 632 1207 706 reineren Aether. Aber unſere Goldquellen
180 712 1207 787 muß ich Euch zeigen; denn wenn ihr das Tri-
180 773 1207 868 folium Alpinum, und den Astragulus, und
180 871 1207 946 den Romey'), und den Mutteri'), und die
180 950 1207 1025 Butterblume **) und die Pimpinella alba
180 1024 1207 1106 bei Cuch verpflanzen koͤnntet, dann brauch—
180 1105 1207 1186 tet ihr unſern Kaͤſe nicht, dann koͤnntet Jhr
180 1187 1207 1266 ihn ſelbſt dort bei Euch bereiten. Wes Lan—
180 1271 702 1347 des ſeyd Jhr Herr?
193 1348 1207 1425 ,, Dein Freund Wildenow iſt mein Lands—
180 1434 450 1499 mann!
195 1505 1207 1583 ,,Was? — da iſt ja wohl dies?'' — auf
180 1587 1207 1662 meine Bruſt deutend — ,, das eiſerne — das
180 1665 1207 1739 Wort blieb ihr im kleinen Munde, ſo war ſie
180 1743 1207 1824 uͤberraſcht. O, ſo ſeid mir doch tauſendmal
218 1893 710 1962 *) Plantago alpina.
180 1977 1172 2053 *) Phellandrium mutellina, Alpenfenchel.
180 2079 702 2145 t*) Apargia anurea.
