1318 2366
357 274 901 329 — 1 —
120 366 1142 450 chen, und weiter iſt mir nichts noͤthig zu wiſ-
120 453 970 532 ſen. Habt Jhr denn auch Berge?
142 527 1142 608 Jch haͤtte ihr unſere Templower nennen
120 608 1142 686 koͤnnen, und die Michelsberge, und die Pi—
120 692 1142 766 chels- Gletſcher, und das Gebirge am Roll—
120 771 1142 846 kruge, aber ich wollte ihre geographiſche
120 844 1142 925 Kenntuiſſe nicht in Verlegenheit ſetzen, und
120 931 1142 1006 nannte ihr unſer Rieſengebirge in Schleſien.
131 1010 1142 1086 ,,Geht mit Eurer Rieſen⸗ Kuppe,'' ſagte
120 1086 1142 1165 ſie laͤchelnd, ,, ihre ganze Hoͤhe iſt ja nur 5ooo
120 1165 1142 1245 Fuß, unſer Finſter-Aarhorn) iſt uͤber 13ooo
120 1248 1142 1324 Fuß hoch. Das iſt ein Firn )! Mit dem
120 1329 1142 1404 Schnee hat es bei uns eine kurioſe Bewandt—
120 1408 1142 1483 niß. Die Schneelinie unterm Aequator liegt
120 1484 1142 1561 in einer Hoͤhe von 14,0oo Fuß, und bei uns
159 1655 1142 1720 *) Nach dem Matterhorn, der Roſa und dem
169 1714 1141 1777 Montblane, iſt dieß die hoͤchſte Granit- und
196 1771 1141 1834 Gneißpyramide des ganzen Alpengebirges; ſie
197 1820 1141 1894 iſt 13,234 Fuß uͤber das Meer. Dieſer unge—
196 1885 1141 1948 heure Felſen liegt einige Stunden ſudlich von
197 1933 1103 2005 Grinſel, und iſt noch nie erſtiegen worden.
160 2052 495 2112 ) Gletſcher.
