<?xml version="1.0" encoding="UTF-8"?>
<pc:PcGts xmlns:pc="http://schema.primaresearch.org/PAGE/gts/pagecontent/2019-07-15" xmlns:xsi="http://www.w3.org/2001/XMLSchema-instance" xsi:schemaLocation="http://schema.primaresearch.org/PAGE/gts/pagecontent/2019-07-15 http://schema.primaresearch.org/PAGE/gts/pagecontent/2019-07-15/pagecontent.xsd" pcGtsId="OCR-D-OCR_0004">
    <pc:Metadata>
        <pc:Creator>OCR-D/core 2.71.0</pc:Creator>
        <pc:Created>2025-03-18T15:28:34.942360</pc:Created>
        <pc:LastChange>2025-03-18T15:28:34.942360</pc:LastChange>
        <pc:MetadataItem type="processingStep" name="preprocessing/optimization/binarization" value="ocrd-cis-ocropy-binarize">
            <pc:Labels externalModel="ocrd-tool" externalId="parameters">
                <pc:Label value="ocropy" type="method"/>
                <pc:Label value="0.5" type="threshold"/>
                <pc:Label value="False" type="grayscale"/>
                <pc:Label value="0.0" type="maxskew"/>
                <pc:Label value="0" type="noise_maxsize"/>
                <pc:Label value="0" type="dpi"/>
                <pc:Label value="page" type="level-of-operation"/>
            </pc:Labels>
            <pc:Labels externalModel="ocrd-tool" externalId="version">
                <pc:Label value="0.1.5" type="ocrd-cis-ocropy-binarize"/>
                <pc:Label value="2.71.0" type="ocrd/core"/>
            </pc:Labels>
        </pc:MetadataItem>
        <pc:MetadataItem type="processingStep" name="preprocessing/optimization/cropping" value="ocrd-tesserocr-crop">
            <pc:Labels externalModel="ocrd-tool" externalId="parameters">
                <pc:Label value="0" type="dpi"/>
                <pc:Label value="4" type="padding"/>
            </pc:Labels>
            <pc:Labels externalModel="ocrd-tool" externalId="version">
                <pc:Label value="0.19.1 (tesseract 5.4.1)" type="ocrd-tesserocr-crop"/>
                <pc:Label value="2.71.0" type="ocrd/core"/>
            </pc:Labels>
        </pc:MetadataItem>
        <pc:MetadataItem type="processingStep" name="preprocessing/optimization/binarization" value="ocrd-skimage-binarize">
            <pc:Labels externalModel="ocrd-tool" externalId="parameters">
                <pc:Label value="li" type="method"/>
                <pc:Label value="page" type="level-of-operation"/>
                <pc:Label value="0" type="dpi"/>
                <pc:Label value="301" type="window_size"/>
                <pc:Label value="0.34" type="k"/>
            </pc:Labels>
            <pc:Labels externalModel="ocrd-tool" externalId="version">
                <pc:Label value="0.1.8" type="ocrd-skimage-binarize"/>
                <pc:Label value="2.71.0" type="ocrd/core"/>
            </pc:Labels>
        </pc:MetadataItem>
        <pc:MetadataItem type="processingStep" name="preprocessing/optimization/despeckling" value="ocrd-skimage-denoise">
            <pc:Labels externalModel="ocrd-tool" externalId="parameters">
                <pc:Label value="page" type="level-of-operation"/>
                <pc:Label value="0" type="dpi"/>
                <pc:Label value="0.0" type="protect"/>
                <pc:Label value="1.0" type="maxsize"/>
            </pc:Labels>
            <pc:Labels externalModel="ocrd-tool" externalId="version">
                <pc:Label value="0.1.8" type="ocrd-skimage-denoise"/>
                <pc:Label value="2.71.0" type="ocrd/core"/>
            </pc:Labels>
        </pc:MetadataItem>
        <pc:MetadataItem type="processingStep" name="preprocessing/optimization/deskewing" value="ocrd-tesserocr-deskew">
            <pc:Labels externalModel="ocrd-tool" externalId="parameters">
                <pc:Label value="page" type="operation_level"/>
                <pc:Label value="0" type="dpi"/>
                <pc:Label value="1.5" type="min_orientation_confidence"/>
            </pc:Labels>
            <pc:Labels externalModel="ocrd-tool" externalId="version">
                <pc:Label value="0.19.1 (tesseract 5.4.1)" type="ocrd-tesserocr-deskew"/>
                <pc:Label value="2.71.0" type="ocrd/core"/>
            </pc:Labels>
        </pc:MetadataItem>
        <pc:MetadataItem type="processingStep" name="layout/segmentation/region" value="ocrd-cis-ocropy-segment">
            <pc:Labels externalModel="ocrd-tool" externalId="parameters">
                <pc:Label value="page" type="level-of-operation"/>
                <pc:Label value="0" type="dpi"/>
                <pc:Label value="20" type="maxcolseps"/>
                <pc:Label value="20" type="maxseps"/>
                <pc:Label value="10" type="maximages"/>
                <pc:Label value="4" type="csminheight"/>
                <pc:Label value="10" type="hlminwidth"/>
                <pc:Label value="0.01" type="gap_height"/>
                <pc:Label value="1.5" type="gap_width"/>
                <pc:Label value="True" type="overwrite_order"/>
                <pc:Label value="True" type="overwrite_separators"/>
                <pc:Label value="True" type="overwrite_regions"/>
                <pc:Label value="True" type="overwrite_lines"/>
                <pc:Label value="2.4" type="spread"/>
            </pc:Labels>
            <pc:Labels externalModel="ocrd-tool" externalId="version">
                <pc:Label value="0.1.5" type="ocrd-cis-ocropy-segment"/>
                <pc:Label value="2.71.0" type="ocrd/core"/>
            </pc:Labels>
        </pc:MetadataItem>
        <pc:MetadataItem type="processingStep" name="preprocessing/optimization/dewarping" value="ocrd-cis-ocropy-dewarp">
            <pc:Labels externalModel="ocrd-tool" externalId="parameters">
                <pc:Label value="0" type="dpi"/>
                <pc:Label value="4.0" type="range"/>
                <pc:Label value="1.0" type="smoothness"/>
                <pc:Label value="0.05" type="max_neighbour"/>
            </pc:Labels>
            <pc:Labels externalModel="ocrd-tool" externalId="version">
                <pc:Label value="0.1.5" type="ocrd-cis-ocropy-dewarp"/>
                <pc:Label value="2.71.0" type="ocrd/core"/>
            </pc:Labels>
        </pc:MetadataItem>
        <pc:MetadataItem type="processingStep" name="recognition/text-recognition" value="ocrd-calamari-recognize">
            <pc:Labels externalModel="ocrd-tool" externalId="parameters">
                <pc:Label value="qurator-gt4histocr-1.0" type="checkpoint_dir"/>
                <pc:Label value="confidence_voter_default_ctc" type="voter"/>
                <pc:Label value="line" type="textequiv_level"/>
                <pc:Label value="0.001" type="glyph_conf_cutoff"/>
            </pc:Labels>
            <pc:Labels externalModel="ocrd-tool" externalId="version">
                <pc:Label value="1.0.6 (calamari 1.0.7, tensorflow 2.12.1)" type="ocrd-calamari-recognize"/>
                <pc:Label value="2.71.0" type="ocrd/core"/>
            </pc:Labels>
        </pc:MetadataItem>
    </pc:Metadata>
    <pc:Page imageFilename="GT-PAGE/clauren_mimil_1815_0040.jpg" imageWidth="1318" imageHeight="2366" orientation="-0.901372274082064" primaryScript="Latf - Latin (Fraktur variant)" readingDirection="left-to-right" textLineOrder="top-to-bottom">
        <pc:AlternativeImage filename="OCR-D-BIN/OCR-D-BIN_0004.IMG-BIN.png" comments=",binarized"/>
        <pc:AlternativeImage filename="OCR-D-CROP/OCR-D-CROP_0004.IMG-CROP.png" comments=",binarized,cropped"/>
        <pc:AlternativeImage filename="OCR-D-BIN2/OCR-D-BIN2_0004.IMG-BIN.png" comments=",cropped,binarized"/>
        <pc:AlternativeImage filename="OCR-D-BIN-DENOISE/OCR-D-BIN-DENOISE_0004.IMG-DEN.png" comments=",cropped,binarized,despeckled"/>
        <pc:AlternativeImage filename="OCR-D-BIN-DENOISE-DESKEW/OCR-D-BIN-DENOISE-DESKEW_0004.IMG-DESKEW.png" comments=",cropped,binarized,despeckled,deskewed"/>
        <pc:AlternativeImage filename="OCR-D-SEG/OCR-D-SEG_0004.IMG-CLIP.png" comments=",cropped,binarized,despeckled,deskewed,clipped"/>
        <pc:Border>
            <pc:Coords points="194,275 1231,275 1231,2114 194,2114"/>
        </pc:Border>
        <pc:ReadingOrder>
            <pc:OrderedGroup id="reading-order">
                <pc:RegionRefIndexed index="0" regionRef="OCR-D-BIN-DENOISE-DESKEW_0004_region0001"/>
                <pc:RegionRefIndexed index="1" regionRef="OCR-D-BIN-DENOISE-DESKEW_0004_region0002"/>
                <pc:RegionRefIndexed index="2" regionRef="OCR-D-BIN-DENOISE-DESKEW_0004_region0003"/>
                <pc:RegionRefIndexed index="3" regionRef="OCR-D-BIN-DENOISE-DESKEW_0004_region0004"/>
            </pc:OrderedGroup>
        </pc:ReadingOrder>
        <pc:TextRegion id="OCR-D-BIN-DENOISE-DESKEW_0004_region0001">
            <pc:Coords points="504,275 503,276 490,275 489,276 477,276 476,277 463,277 462,278 455,278 451,282 451,308 454,312 460,312 461,313 471,313 472,314 483,314 484,315 494,315 495,316 505,317 506,318 517,318 518,319 528,319 529,320 539,320 540,321 551,321 552,322 562,322 563,324 573,324 574,325 585,325 586,326 596,326 597,327 607,327 608,328 619,328 620,329 630,330 631,331 700,332 701,331 721,331 722,330 737,330 738,329 754,330 755,329 770,329 771,328 787,328 788,327 803,327 804,326 820,327 821,326 836,326 837,325 853,325 854,324 870,324 871,323 886,324 887,323 903,323 904,322 919,322 920,321 936,321 937,320 952,321 953,320 969,320 970,319 985,319 986,318 995,318 999,314 1000,287 996,283 982,283 981,282 955,282 954,281 929,280 928,279 902,279 901,278 875,277 874,276 848,276 847,275 821,275 516,275"/>
            <pc:TextLine id="OCR-D-BIN-DENOISE-DESKEW_0004_region0001_line0001">
                <pc:AlternativeImage filename="OCR-D-SEG-LINE-RESEG-DEWARP/OCR-D-SEG-LINE-RESEG-DEWARP_0004_OCR-D-BIN-DENOISE-DESKEW_0004_region0001_OCR-D-BIN-DENOISE-DESKEW_0004_region0001_line0001.IMG-DEWARP.png" comments="binarized,despeckled,dewarped"/>
                <pc:Coords points="620,276 619,276 618,277 616,277 615,278 589,278 588,279 516,278 515,279 456,278 455,279 454,279 452,281 452,282 451,283 451,307 452,308 452,309 452,310 453,311 454,311 455,312 460,312 460,312 577,314 578,313 629,314 630,315 630,325 631,326 631,327 634,330 635,330 636,331 687,331 688,330 713,331 714,330 722,330 724,330 725,329 730,329 731,328 735,328 736,327 738,327 739,326 741,326 742,325 744,325 745,324 747,324 748,323 750,323 751,322 755,323 756,322 763,322 764,321 775,321 776,320 797,320 798,319 814,319 815,318 816,318 817,317 818,318 819,317 836,317 837,316 994,318 995,317 996,317 998,315 998,314 999,313 1000,300 1000,288 999,287 999,286 997,284 996,284 995,283 982,283 982,283 886,282 885,283 837,282 836,281 830,281 829,280 827,280 826,279 823,279 822,278 820,278 819,277 814,276 813,275 800,275 621,275"/>
                <pc:Baseline points="451,304 633,306 646,318 674,320 836,307 1000,309"/>
                <pc:TextEquiv conf="0.934608280658722">
                    <pc:Unicode>— 0 —</pc:Unicode>
                </pc:TextEquiv>
            </pc:TextLine>
            <pc:TextEquiv>
                <pc:Unicode>— 0 —</pc:Unicode>
            </pc:TextEquiv>
        </pc:TextRegion>
        <pc:TextRegion id="OCR-D-BIN-DENOISE-DESKEW_0004_region0002">
            <pc:Coords points="920,370 874,369 873,370 826,370 825,371 779,370 778,371 732,370 731,371 685,370 684,371 637,371 636,372 590,371 589,372 545,371 544,372 503,372 502,373 461,372 459,373 418,372 417,373 376,373 375,374 334,373 333,374 292,373 291,374 250,374 249,375 226,374 225,375 222,375 221,376 219,376 218,377 217,377 213,381 212,381 207,386 207,389 206,390 206,409 205,410 204,441 203,442 203,473 202,474 194,991 194,1635 198,1639 199,1639 201,1642 244,1643 246,1642 308,1643 310,1642 373,1643 374,1642 436,1643 437,1642 500,1643 501,1642 564,1643 565,1642 628,1643 629,1642 691,1643 692,1642 755,1643 756,1642 819,1643 820,1642 882,1643 883,1642 946,1643 947,1642 1010,1643 1011,1642 1050,1642 1051,1641 1066,1642 1067,1641 1082,1641 1083,1640 1098,1640 1099,1639 1114,1639 1115,1638 1130,1639 1131,1638 1146,1638 1147,1637 1162,1637 1163,1636 1178,1636 1179,1635 1194,1636 1195,1635 1210,1635 1211,1634 1226,1634 1227,1633 1231,1633 1231,385 1225,385 1224,384 1217,384 1216,383 1210,383 1209,382 1191,381 1190,380 1159,380 1158,379 1128,378 1128,377 1097,377 1096,376 1066,375 1065,374 1034,374 1033,373 1003,372 1002,371 971,371 970,370 921,369"/>
            <pc:TextLine id="OCR-D-BIN-DENOISE-DESKEW_0004_region0002_line0001">
                <pc:AlternativeImage filename="OCR-D-SEG-LINE-RESEG-DEWARP/OCR-D-SEG-LINE-RESEG-DEWARP_0004_OCR-D-BIN-DENOISE-DESKEW_0004_region0002_OCR-D-BIN-DENOISE-DESKEW_0004_region0002_line0001.IMG-DEWARP.png" comments="binarized,despeckled,dewarped"/>
                <pc:Coords points="943,370 942,370 941,371 940,371 936,375 935,376 934,377 934,378 933,379 933,382 932,383 923,383 921,381 920,381 919,380 918,380 917,379 916,379 915,378 912,378 911,377 906,377 906,376 892,376 891,375 837,374 836,375 826,375 824,376 820,376 819,377 817,377 816,377 815,377 809,383 808,383 807,384 804,384 803,385 792,385 791,386 779,386 778,385 778,380 777,379 777,378 775,375 774,375 773,374 760,374 759,375 757,375 755,376 754,376 753,377 750,376 749,377 748,377 745,380 745,381 743,383 742,382 742,381 739,378 738,378 737,377 728,377 726,375 725,375 725,374 714,374 712,375 711,375 710,376 706,376 705,377 704,377 702,379 702,380 701,381 701,384 700,385 639,384 637,382 637,381 635,379 634,379 633,378 624,377 623,378 622,378 617,383 585,383 584,382 584,381 583,380 583,379 582,378 582,377 579,374 578,374 578,373 577,373 576,372 566,372 565,373 564,373 562,373 561,373 556,378 556,379 555,380 555,381 553,383 513,383 512,384 490,383 489,384 478,384 476,382 476,381 472,377 471,377 470,376 462,376 461,377 459,377 458,378 457,378 455,380 455,381 454,382 454,383 452,385 427,384 426,383 426,382 422,378 421,378 420,377 411,377 410,378 409,378 407,380 404,377 403,377 402,376 391,376 390,377 389,377 387,379 387,380 386,381 386,382 385,383 385,384 384,385 355,384 354,385 323,385 322,386 314,386 313,387 308,386 307,387 289,387 288,386 278,386 277,387 276,386 266,386 265,387 248,387 247,386 247,382 246,381 246,380 243,376 242,376 241,375 239,375 239,375 228,374 227,375 225,375 224,376 221,376 219,376 218,377 216,379 215,379 213,381 211,383 210,383 207,386 207,389 207,393 206,394 206,409 206,430 213,438 224,438 225,439 233,439 234,438 248,439 249,438 294,438 295,439 295,440 297,442 298,442 299,443 308,444 309,443 310,443 312,441 312,440 314,438 335,438 336,437 348,437 349,436 367,436 368,435 421,436 423,435 454,436 455,435 553,436 553,437 553,438 554,439 554,440 557,443 558,443 559,444 569,445 570,444 571,444 573,442 573,441 574,440 574,438 576,437 591,437 592,436 611,436 612,435 662,436 663,435 722,436 723,437 751,437 751,438 751,439 752,440 752,441 754,444 755,444 756,445 767,445 768,444 769,444 776,438 806,438 807,437 823,438 824,439 1016,442 1017,443 1024,443 1026,445 1026,446 1028,448 1029,448 1030,449 1040,449 1041,448 1042,448 1044,446 1045,446 1048,443 1111,444 1112,445 1112,447 1113,448 1113,449 1116,452 1117,452 1118,453 1126,453 1127,452 1128,452 1131,449 1131,448 1132,447 1132,446 1134,445 1231,446 1231,389 1213,389 1211,387 1211,386 1208,383 1207,383 1206,382 1202,382 1196,381 1195,382 1194,382 1193,383 1188,383 1187,384 1186,384 1183,387 1183,388 1182,389 1182,392 1181,393 1172,393 1171,394 1170,394 1169,395 1166,395 1165,394 1158,394 1157,393 1145,393 1144,392 1129,391 1128,390 1128,389 1125,386 1124,386 1123,385 1112,385 1111,386 1109,386 1107,384 1106,384 1105,383 1094,383 1093,384 1092,384 1087,389 1086,388 1083,388 1082,387 1079,387 1078,386 1078,385 1075,382 1074,382 1073,381 1065,380 1064,381 1051,381 1050,382 1048,382 1046,380 1045,380 1044,379 1043,379 1042,378 1029,378 1028,379 1027,379 1026,380 1022,380 1021,381 1020,381 1019,382 1012,382 1011,383 1010,383 1009,382 1003,381 1000,378 999,378 998,377 988,377 987,378 986,378 985,379 984,379 983,380 979,380 978,381 977,381 975,383 975,384 974,385 974,389 973,390 963,390 962,389 962,380 961,379 961,378 960,377 961,376 960,375 960,374 957,371 956,371 955,370 951,370 944,369"/>
                <pc:Baseline points="206,428 641,425 1257,436"/>
                <pc:TextEquiv conf="0.986162662506104">
                    <pc:Unicode>ben, mit einer ſo tranlichen Natuͤrlichkeit, als</pc:Unicode>
                </pc:TextEquiv>
            </pc:TextLine>
            <pc:TextLine id="OCR-D-BIN-DENOISE-DESKEW_0004_region0002_line0002">
                <pc:AlternativeImage filename="OCR-D-SEG-LINE-RESEG-DEWARP/OCR-D-SEG-LINE-RESEG-DEWARP_0004_OCR-D-BIN-DENOISE-DESKEW_0004_region0002_OCR-D-BIN-DENOISE-DESKEW_0004_region0002_line0002.IMG-DEWARP.png" comments="binarized,despeckled,dewarped"/>
                <pc:Coords points="599,452 594,452 593,453 592,453 591,454 571,454 570,455 567,455 566,456 565,456 564,457 563,457 562,458 561,457 559,459 558,459 557,460 556,460 555,461 553,461 552,462 549,462 548,463 540,463 539,464 502,464 501,465 469,464 468,463 440,463 439,462 439,460 438,459 438,458 435,455 434,454 433,453 432,453 431,452 421,452 420,453 419,453 418,454 417,454 415,456 413,456 412,457 411,457 409,459 409,460 407,462 404,462 401,459 400,459 399,458 388,458 387,459 386,459 380,465 370,464 369,465 348,465 347,466 321,466 320,465 320,458 319,457 319,456 317,454 317,453 313,449 312,449 311,448 302,447 301,448 300,448 298,450 297,450 296,451 295,451 292,454 292,455 291,456 291,459 290,460 290,465 289,466 288,465 288,460 287,459 287,458 285,456 284,456 283,455 282,455 281,454 270,454 269,455 268,455 267,456 266,456 265,457 264,457 263,458 261,458 260,459 259,459 257,461 257,462 256,463 256,466 255,467 239,466 238,467 224,467 223,468 213,468 210,471 210,472 204,478 204,487 202,489 202,500 201,516 202,517 203,517 210,524 214,524 215,525 216,525 217,526 223,526 224,527 233,527 234,526 235,526 236,525 237,525 238,524 239,524 241,522 242,522 243,521 248,522 249,521 256,521 257,520 262,520 266,524 267,524 268,525 277,525 278,524 279,524 282,521 283,521 286,518 300,518 301,517 317,518 318,517 341,517 342,516 375,517 376,516 403,516 404,517 410,517 411,518 411,519 412,520 412,521 414,523 415,523 416,524 426,524 427,523 428,523 429,522 430,522 433,519 466,520 468,522 469,522 470,523 481,523 482,522 483,522 484,521 485,521 487,519 495,519 496,518 503,519 504,518 510,518 511,517 519,517 520,516 531,516 532,515 613,516 614,515 652,516 653,515 657,515 658,516 671,516 672,517 672,520 673,521 673,522 676,525 677,525 678,526 687,526 688,525 689,526 693,522 693,521 694,520 694,518 695,517 706,517 707,516 744,516 745,515 758,516 759,517 759,518 760,519 760,520 763,523 764,523 765,524 774,524 775,523 776,523 780,519 780,518 782,516 824,517 825,518 843,518 844,519 854,519 855,520 865,520 866,521 887,522 888,523 888,524 892,528 893,528 894,529 905,529 906,528 908,528 909,527 910,527 911,526 912,526 913,525 914,525 917,522 925,522 926,521 944,522 945,521 969,521 970,522 970,525 971,526 971,527 974,530 975,530 976,531 985,531 986,530 987,530 991,526 991,525 992,524 992,522 993,521 1026,522 1027,521 1042,521 1043,522 1048,522 1049,523 1052,523 1053,524 1057,524 1058,525 1066,525 1067,526 1105,527 1106,528 1107,528 1108,529 1116,529 1117,528 1118,528 1119,527 1120,527 1121,526 1139,527 1140,526 1156,526 1157,525 1213,526 1214,525 1231,525 1231,473 1227,473 1226,472 1222,472 1221,471 1219,471 1218,470 1217,470 1216,469 1214,469 1213,468 1212,468 1211,467 1209,467 1208,466 1206,466 1205,465 1201,465 1200,464 1193,463 1192,462 1180,462 1179,461 1118,460 1117,461 1116,461 1114,463 1114,464 1113,465 1113,487 1112,488 1098,488 1097,487 1097,472 1096,471 1096,470 1094,468 1093,468 1092,467 1039,466 1038,467 1036,467 1035,466 1034,466 1033,465 1032,465 1031,464 1019,464 1018,465 1017,465 1013,469 1005,468 1004,469 1003,469 1002,468 1002,465 1001,464 1001,463 999,461 998,461 997,460 996,460 995,459 981,459 980,460 979,460 977,462 977,463 976,464 976,465 975,466 975,467 974,468 974,469 973,470 960,470 959,469 945,469 944,468 937,467 936,466 930,466 929,465 924,465 923,464 917,464 916,463 912,463 911,462 911,461 908,458 907,458 906,457 893,457 892,458 891,458 890,459 889,459 886,462 835,461 834,462 833,462 831,464 827,464 826,465 817,465 816,465 799,465 798,466 789,466 788,465 784,465 783,464 783,460 782,459 782,458 779,455 778,455 777,454 765,454 764,455 762,455 761,456 760,456 758,458 747,457 746,458 745,458 743,460 743,461 742,462 742,463 741,464 738,464 737,465 708,465 707,466 706,466 705,465 705,461 704,460 704,459 703,458 703,457 701,455 700,455 699,454 696,454 695,453 685,452 684,453 683,453 682,454 681,454 679,456 679,457 678,458 678,460 677,461 677,462 676,463 676,464 675,465 665,465 664,464 655,464 654,463 649,463 648,462 646,462 645,461 643,461 642,460 641,460 640,459 639,459 638,458 637,458 636,457 634,457 633,456 630,456 629,455 618,454 617,453 615,453 614,452 612,452 611,451 600,451"/>
                <pc:Baseline points="201,512 698,506 1255,515"/>
                <pc:TextEquiv conf="0.998099029064178">
                    <pc:Unicode>gehoͤre ich zum Kreiſe ihres Hauſes. ,,Die</pc:Unicode>
                </pc:TextEquiv>
            </pc:TextLine>
            <pc:TextLine id="OCR-D-BIN-DENOISE-DESKEW_0004_region0002_line0003">
                <pc:AlternativeImage filename="OCR-D-SEG-LINE-RESEG-DEWARP/OCR-D-SEG-LINE-RESEG-DEWARP_0004_OCR-D-BIN-DENOISE-DESKEW_0004_region0002_OCR-D-BIN-DENOISE-DESKEW_0004_region0002_line0003.IMG-DEWARP.png" comments="binarized,despeckled,dewarped"/>
                <pc:Coords points="820,536 819,536 818,537 817,537 815,538 813,538 812,539 811,539 809,541 809,542 808,543 808,545 807,546 793,546 792,547 770,547 769,546 716,545 715,544 715,542 714,541 714,540 711,537 710,537 709,536 699,536 698,537 697,537 694,540 694,541 692,543 690,543 689,542 689,539 688,537 688,536 686,534 685,534 684,533 673,533 672,534 671,534 670,535 669,535 668,536 667,536 666,537 665,537 663,539 663,540 661,542 638,542 637,543 626,543 625,543 622,543 620,541 620,540 617,537 616,537 615,536 606,536 605,537 604,537 600,541 600,542 598,544 576,544 575,543 566,543 565,544 544,543 543,544 528,544 527,543 515,543 514,542 506,542 505,541 497,540 496,539 487,539 485,537 484,537 483,536 472,536 471,537 470,537 468,539 460,539 459,538 459,537 457,535 456,535 455,534 452,534 451,533 439,533 438,534 437,534 433,537 433,538 432,539 432,540 431,541 429,541 428,542 423,542 422,543 414,543 413,544 396,544 395,545 371,545 370,545 354,545 353,546 343,546 342,547 320,547 319,546 303,545 302,544 295,544 294,543 290,543 289,542 284,542 283,541 279,541 278,540 275,540 274,539 274,538 272,536 271,536 270,535 260,535 259,536 258,536 256,538 254,538 253,537 243,536 242,537 211,537 202,546 201,571 202,572 202,590 210,598 225,598 226,599 235,599 236,598 265,599 266,600 266,602 267,603 267,604 269,606 270,606 271,607 282,607 283,606 284,606 286,604 286,603 287,602 287,599 288,598 297,598 298,597 333,598 334,597 360,597 361,596 374,597 375,596 389,596 390,595 429,595 430,596 430,597 431,598 431,599 433,601 434,602 435,603 445,603 446,602 447,602 450,599 450,598 452,596 469,596 470,595 484,595 485,594 520,595 521,594 584,595 585,594 668,595 669,596 669,597 670,598 670,599 672,601 673,601 674,602 684,602 685,601 686,601 690,598 690,597 692,595 774,596 775,597 775,598 778,601 779,601 780,602 788,602 789,601 790,601 791,600 792,600 794,598 794,597 795,596 815,596 817,599 817,600 819,602 820,602 821,603 829,603 830,602 831,602 832,601 833,601 835,599 835,598 836,597 865,597 866,598 877,598 878,599 878,600 879,602 879,603 881,605 882,605 883,606 893,606 894,605 895,605 897,603 897,602 898,601 913,601 914,602 942,602 945,606 946,606 947,607 951,607 952,608 961,608 962,607 963,607 964,606 965,606 968,603 971,603 972,602 990,602 991,601 1060,602 1061,603 1069,603 1070,603 1176,604 1178,606 1178,607 1180,609 1181,609 1182,610 1192,610 1193,609 1194,609 1197,607 1197,606 1198,605 1215,605 1216,604 1217,604 1218,603 1219,603 1221,601 1221,600 1222,599 1222,590 1223,589 1231,589 1231,548 1230,547 1229,547 1228,546 1220,546 1219,547 1218,547 1216,549 1215,548 1205,548 1204,549 1203,549 1202,550 1198,550 1197,550 1185,550 1184,551 1170,551 1169,552 1150,552 1149,551 1143,551 1142,550 1129,549 1128,548 1126,548 1125,547 1123,547 1122,546 1121,546 1120,545 1118,545 1117,544 1115,544 1114,543 1111,543 1110,542 1105,542 1104,541 1037,540 1036,541 1031,541 1030,542 1028,542 1027,543 1025,543 1024,544 1023,544 1022,545 1021,545 1020,546 1017,546 1016,547 1013,547 1012,548 1003,547 1002,548 997,548 996,547 984,547 983,546 975,546 974,545 964,545 962,543 962,542 960,540 959,540 958,539 943,539 942,539 941,539 940,540 939,540 936,543 912,543 911,544 906,544 905,545 902,545 901,546 898,546 897,547 894,547 893,548 889,548 888,549 873,548 872,547 838,547 837,546 837,540 836,539 836,538 834,536 833,536 832,535 821,535"/>
                <pc:Baseline points="202,588 661,584 1145,594 1254,580"/>
                <pc:TextEquiv conf="0.998832702636719">
                    <pc:Unicode>Alpe, auf der wir hier gehen, Herr Ritter,''</pc:Unicode>
                </pc:TextEquiv>
            </pc:TextLine>
            <pc:TextLine id="OCR-D-BIN-DENOISE-DESKEW_0004_region0002_line0004">
                <pc:AlternativeImage filename="OCR-D-SEG-LINE-RESEG-DEWARP/OCR-D-SEG-LINE-RESEG-DEWARP_0004_OCR-D-BIN-DENOISE-DESKEW_0004_region0002_OCR-D-BIN-DENOISE-DESKEW_0004_region0002_line0004.IMG-DEWARP.png" comments="binarized,despeckled,dewarped"/>
                <pc:Coords points="1166,617 1165,617 1162,620 1162,621 1160,623 1159,622 1158,622 1157,621 1147,621 1146,622 1145,622 1144,623 1143,623 1142,624 1141,624 1138,627 1138,628 1136,630 1122,629 1121,630 1107,630 1106,629 1106,628 1105,627 1105,626 1103,624 1102,624 1101,623 1090,623 1089,624 1088,624 1085,627 1079,627 1075,623 1074,623 1073,622 1064,621 1063,622 1062,622 1060,624 1059,624 1058,623 1016,623 1013,620 1012,620 1011,619 1000,618 999,619 998,619 996,621 995,621 994,622 983,622 982,623 981,623 979,625 979,626 978,627 960,627 958,625 958,621 957,620 957,619 955,617 954,617 953,616 952,616 951,615 941,614 940,615 939,615 938,616 937,616 936,617 935,617 929,623 924,623 923,624 922,624 921,625 890,625 889,626 881,626 879,623 878,623 877,622 867,622 866,623 864,623 863,622 862,622 861,621 851,621 850,622 849,622 848,623 847,623 846,622 844,622 843,621 841,621 839,619 838,619 837,618 835,618 834,617 833,617 832,616 829,616 828,615 824,615 823,614 813,613 812,612 745,611 744,612 738,612 737,613 734,613 733,614 732,614 727,619 727,620 726,621 726,622 724,624 716,624 715,623 715,622 714,621 714,620 711,617 710,617 709,616 701,616 700,617 699,617 698,618 697,618 695,620 695,621 694,622 694,623 692,625 639,624 638,623 623,622 622,621 622,618 621,617 621,616 619,614 618,614 617,613 612,613 611,612 598,612 597,613 596,613 594,615 593,615 590,618 589,617 588,617 587,616 578,616 577,617 576,617 572,621 572,622 571,623 571,624 570,625 564,625 563,626 559,625 558,626 555,626 554,627 553,627 551,628 550,628 547,631 547,632 546,633 546,635 544,637 537,637 536,638 530,638 529,637 523,637 521,635 521,633 520,632 520,631 517,627 516,627 515,626 513,626 512,625 508,625 507,624 478,623 474,619 473,619 472,618 464,618 463,619 462,619 458,623 421,622 420,621 420,619 419,618 419,617 416,614 415,614 414,613 399,613 398,614 397,614 396,615 395,615 393,617 393,618 392,619 392,620 391,621 391,622 390,623 374,623 373,624 361,623 360,622 360,618 359,617 359,616 357,614 356,614 355,613 334,613 333,614 332,614 331,615 330,615 326,619 326,620 325,621 325,624 324,625 284,624 283,623 283,619 282,618 282,617 280,615 279,615 278,614 265,614 264,615 263,615 261,617 260,617 258,619 257,619 255,621 255,622 254,623 244,623 242,620 242,619 240,617 239,617 238,616 236,616 235,615 222,615 221,616 220,616 219,617 218,617 214,621 211,621 200,631 200,669 209,678 210,678 212,680 212,681 215,684 216,684 217,685 228,685 229,684 230,684 233,681 233,680 234,679 234,678 235,677 244,678 245,677 261,677 262,678 262,679 265,682 266,682 267,683 276,683 277,682 278,682 284,676 323,677 325,679 325,680 327,682 328,682 329,683 339,683 340,682 341,682 343,680 343,679 344,678 344,677 345,676 348,676 349,675 367,675 368,674 389,675 390,676 390,678 391,679 391,680 393,682 394,682 395,683 406,683 407,682 408,682 410,680 410,679 411,678 411,676 412,675 431,675 432,674 453,675 454,676 472,676 475,679 475,680 477,682 478,682 479,683 489,683 490,682 491,682 493,680 493,679 495,677 531,678 532,679 541,679 542,678 544,678 545,679 546,679 547,680 556,680 557,679 558,679 559,678 560,678 561,678 578,678 579,677 585,677 586,678 586,679 587,680 587,681 589,683 590,683 591,684 601,684 602,683 603,683 606,680 606,679 607,678 607,677 608,676 616,676 617,675 635,676 636,675 654,675 655,674 679,674 680,675 689,676 690,675 785,676 786,675 810,675 811,676 938,678 941,681 942,681 943,683 952,683 953,682 954,682 957,679 998,679 999,680 1015,681 1016,682 1017,682 1018,683 1026,683 1027,682 1028,682 1029,681 1055,681 1056,680 1083,681 1084,680 1089,680 1090,681 1099,681 1100,680 1105,680 1106,681 1150,682 1151,683 1179,683 1180,684 1180,686 1181,687 1181,688 1184,691 1185,691 1186,692 1197,693 1198,692 1199,692 1201,690 1201,689 1202,688 1202,686 1203,685 1231,685 1231,630 1230,630 1228,628 1227,628 1226,627 1216,627 1215,628 1214,628 1212,626 1212,625 1209,622 1208,622 1207,621 1192,620 1191,621 1190,621 1188,623 1187,622 1187,621 1186,620 1186,619 1184,617 1183,617 1182,616 1167,616"/>
                <pc:Baseline points="200,668 642,664 1253,675"/>
                <pc:TextEquiv conf="0.998796761035919">
                    <pc:Unicode>fuhr ſie fort, ,,iſt mein Muttertheil, die laͤßt</pc:Unicode>
                </pc:TextEquiv>
            </pc:TextLine>
            <pc:TextLine id="OCR-D-BIN-DENOISE-DESKEW_0004_region0002_line0005">
                <pc:AlternativeImage filename="OCR-D-SEG-LINE-RESEG-DEWARP/OCR-D-SEG-LINE-RESEG-DEWARP_0004_OCR-D-BIN-DENOISE-DESKEW_0004_region0002_OCR-D-BIN-DENOISE-DESKEW_0004_region0002_line0005.IMG-DEWARP.png" comments="binarized,despeckled,dewarped"/>
                <pc:Coords points="967,696 963,696 962,697 961,697 959,699 958,699 957,700 956,700 953,703 953,704 952,705 952,708 951,709 918,708 917,707 914,707 913,706 909,706 908,705 904,705 903,704 898,704 897,703 888,703 887,702 851,701 849,699 848,699 847,698 837,698 836,697 835,697 834,696 825,696 824,697 822,697 821,698 819,698 818,699 817,699 814,701 809,701 808,702 802,702 801,703 795,703 794,704 780,704 779,703 779,699 778,698 778,697 776,695 775,695 774,694 765,694 764,695 763,695 761,697 760,697 759,698 758,698 756,700 756,701 754,703 736,702 735,701 732,701 729,698 728,698 727,697 716,697 715,696 714,696 713,695 710,695 709,694 706,694 705,693 698,693 698,692 620,690 619,691 615,691 613,692 611,692 610,693 609,693 605,697 605,698 604,699 604,701 603,702 602,702 601,703 591,703 590,704 563,704 562,703 554,702 553,703 510,703 509,702 509,701 508,700 508,699 505,696 504,696 503,695 492,694 491,695 490,695 487,698 480,698 479,699 478,699 477,700 476,699 471,699 470,698 465,698 464,697 459,697 456,694 455,694 454,693 444,693 443,694 442,694 441,695 438,695 437,694 420,693 419,694 418,694 417,695 395,695 394,696 391,696 390,697 388,697 387,698 385,698 384,699 381,699 380,700 377,700 376,701 370,701 369,701 366,701 365,700 346,700 345,699 337,699 335,697 334,697 333,696 322,696 321,697 320,697 318,699 303,698 302,699 293,699 292,700 289,700 288,701 285,701 284,702 281,702 280,703 276,703 275,704 274,704 272,702 272,701 269,698 268,698 267,697 258,697 257,698 256,698 253,701 253,702 252,703 252,704 250,706 209,705 200,714 200,747 207,755 263,756 264,755 308,756 309,755 335,755 336,754 402,755 403,754 427,754 429,753 483,754 484,755 528,756 532,760 533,760 534,761 535,761 536,762 544,762 545,761 547,761 548,760 549,760 553,756 560,757 561,756 570,756 572,755 583,755 585,754 684,755 685,754 740,755 741,754 744,754 745,755 770,756 770,757 770,758 774,762 775,762 776,763 778,763 779,764 793,764 794,763 795,763 796,762 797,762 804,756 852,757 854,756 865,756 867,759 868,759 869,760 878,761 879,760 880,760 881,759 882,759 883,758 884,758 886,757 965,758 967,757 1015,758 1015,759 1048,759 1049,760 1069,761 1071,763 1071,764 1074,767 1075,767 1076,768 1086,768 1087,767 1088,767 1094,761 1161,762 1162,761 1205,762 1206,763 1215,763 1216,762 1231,762 1231,711 1175,711 1174,710 1166,710 1165,709 1161,709 1160,708 1158,708 1157,707 1155,707 1154,706 1153,706 1152,705 1150,705 1149,704 1148,704 1147,703 1144,703 1141,700 1140,700 1139,699 1127,698 1126,699 1125,699 1123,701 1095,701 1093,699 1092,699 1091,698 1075,698 1074,699 1073,699 1072,700 1071,700 1069,702 1068,701 1064,705 1060,705 1059,706 1054,706 1053,707 1046,707 1045,708 1032,708 1031,709 984,708 983,707 983,701 982,700 982,699 979,696 978,696 977,695 968,695"/>
                <pc:Baseline points="200,745 1252,752"/>
                <pc:TextEquiv conf="0.997730791568756">
                    <pc:Unicode>mir der Aeti zum Nadelgeld; aber ich kann</pc:Unicode>
                </pc:TextEquiv>
            </pc:TextLine>
            <pc:TextLine id="OCR-D-BIN-DENOISE-DESKEW_0004_region0002_line0006">
                <pc:AlternativeImage filename="OCR-D-SEG-LINE-RESEG-DEWARP/OCR-D-SEG-LINE-RESEG-DEWARP_0004_OCR-D-BIN-DENOISE-DESKEW_0004_region0002_OCR-D-BIN-DENOISE-DESKEW_0004_region0002_line0006.IMG-DEWARP.png" comments="binarized,despeckled,dewarped"/>
                <pc:Coords points="1188,778 1187,778 1186,779 1185,779 1184,780 1183,780 1181,782 1179,782 1178,783 1177,783 1175,785 1175,786 1174,787 1174,788 1173,789 1172,789 1170,787 1170,786 1168,784 1167,784 1166,783 1155,783 1154,784 1153,784 1150,787 1150,788 1148,790 1132,790 1131,790 1072,790 1071,789 1071,788 1070,787 1070,786 1068,784 1067,783 1066,782 1056,782 1055,783 1054,783 1052,785 1051,784 1051,782 1050,781 1050,780 1047,777 1046,777 1045,776 1034,776 1033,777 1032,777 1031,778 1030,778 1028,780 1027,780 1026,781 1025,781 1023,783 1023,784 1021,786 1006,786 1005,785 1005,783 1004,781 1004,780 1002,778 1001,778 1000,777 999,777 998,776 988,776 987,777 985,777 984,778 983,778 982,779 979,779 978,780 977,780 974,783 974,784 972,786 971,786 970,785 970,784 969,783 969,782 967,780 966,780 965,779 954,779 953,780 952,780 949,783 949,784 948,785 948,786 947,787 940,786 939,787 872,786 871,785 815,785 814,784 802,783 801,782 801,779 800,778 800,777 798,775 797,775 796,774 795,774 794,773 781,773 780,774 779,774 778,775 774,775 773,776 772,776 770,778 770,779 769,780 769,782 768,783 754,783 753,784 735,783 734,784 715,784 714,785 712,785 711,784 699,784 698,783 690,783 689,782 686,781 685,780 685,778 684,777 684,776 682,774 681,774 680,773 666,773 665,774 664,774 661,777 660,777 657,780 649,780 648,779 647,779 646,778 637,778 636,779 635,779 634,780 628,780 626,778 626,777 623,774 622,773 621,772 607,772 606,773 605,773 604,774 603,774 602,775 601,775 600,776 599,776 597,778 597,779 595,781 590,781 589,782 579,782 578,783 564,783 563,784 547,783 546,782 536,782 535,781 528,781 527,780 517,780 516,779 512,779 511,778 511,777 509,775 508,775 507,774 501,774 500,773 499,773 498,772 490,771 489,772 487,772 486,773 485,773 484,774 483,774 482,775 480,775 479,776 478,776 475,779 471,779 470,780 466,780 465,781 462,781 461,782 457,782 456,783 448,783 447,784 385,783 384,782 384,781 383,780 383,779 381,777 380,777 379,776 369,776 368,776 367,776 363,780 361,780 360,779 357,779 356,778 354,778 353,777 351,777 350,776 346,776 345,775 338,775 337,774 280,773 279,774 274,774 273,775 270,775 269,776 268,776 266,778 265,778 262,781 261,781 260,782 259,782 258,781 258,780 255,777 254,777 253,776 242,776 241,776 240,776 235,781 234,780 230,780 227,777 226,777 225,776 215,776 214,777 213,777 212,778 211,778 210,779 209,779 208,780 207,780 199,788 198,788 197,789 197,827 197,827 205,835 232,835 233,834 350,836 351,835 362,835 363,836 363,837 367,841 368,841 369,843 370,843 371,844 381,844 382,843 384,843 385,842 386,842 390,838 390,837 391,836 397,836 398,835 410,835 411,834 424,834 425,833 452,834 453,833 554,834 555,833 600,834 601,835 601,836 602,837 602,838 604,840 605,840 606,841 616,841 617,840 618,840 624,835 675,835 676,834 708,835 709,834 720,834 721,835 730,835 731,834 775,835 776,836 776,837 777,838 777,839 779,841 780,841 781,842 790,842 791,841 792,841 793,840 794,840 799,835 835,836 836,837 852,837 853,838 854,838 855,839 867,839 868,838 869,838 870,837 922,838 923,837 946,838 947,839 976,839 977,840 977,843 978,844 978,845 980,847 981,847 982,848 993,848 994,847 995,847 1003,839 1031,840 1032,839 1049,839 1050,838 1052,838 1053,839 1062,839 1063,838 1066,838 1067,839 1158,841 1159,842 1177,842 1178,843 1178,844 1179,845 1179,846 1182,849 1183,849 1184,850 1195,851 1196,850 1197,850 1199,848 1199,847 1201,845 1201,844 1202,843 1231,843 1231,790 1230,789 1209,789 1208,788 1208,785 1207,784 1207,783 1206,782 1206,781 1204,779 1203,779 1202,778 1189,777"/>
                <pc:Baseline points="196,825 783,825 1250,834"/>
                <pc:TextEquiv conf="0.991687595844269">
                    <pc:Unicode>die Batzen alle nicht brauchen; o ich bin reich,</pc:Unicode>
                </pc:TextEquiv>
            </pc:TextLine>
            <pc:TextLine id="OCR-D-BIN-DENOISE-DESKEW_0004_region0002_line0007">
                <pc:AlternativeImage filename="OCR-D-SEG-LINE-RESEG-DEWARP/OCR-D-SEG-LINE-RESEG-DEWARP_0004_OCR-D-BIN-DENOISE-DESKEW_0004_region0002_OCR-D-BIN-DENOISE-DESKEW_0004_region0002_line0007.IMG-DEWARP.png" comments="binarized,despeckled,dewarped"/>
                <pc:Coords points="1142,853 1141,853 1139,855 1115,854 1114,855 1102,855 1101,856 1093,856 1092,857 1086,857 1085,858 1080,858 1079,859 1077,859 1076,860 1074,860 1073,861 1072,861 1071,862 1070,862 1068,864 1067,863 1065,865 1064,865 1063,866 1062,866 1061,867 1059,867 1058,868 1054,868 1053,869 1044,869 1043,868 1043,866 1042,865 1042,864 1039,861 1038,861 1037,860 1027,860 1024,857 1023,857 1022,856 1005,856 1004,857 1003,856 999,860 987,860 986,861 985,861 984,862 983,862 981,864 981,865 980,866 964,866 963,865 950,865 949,864 935,863 932,860 931,860 930,859 929,859 928,858 920,858 919,859 918,859 917,860 916,860 913,863 907,863 904,860 903,860 902,859 892,859 891,860 890,860 887,863 872,862 871,863 854,863 853,864 851,864 850,863 841,863 840,862 840,861 837,858 836,858 835,857 833,857 832,856 823,856 822,857 821,857 820,858 819,858 817,860 817,861 816,862 808,861 807,860 807,858 806,857 806,856 803,853 802,853 801,852 793,852 792,853 788,853 787,854 786,854 785,855 784,855 783,856 782,856 780,858 780,859 778,861 764,861 762,859 762,858 758,854 757,854 756,853 755,853 754,852 744,851 743,852 742,852 736,858 736,859 735,860 735,861 734,862 730,862 729,863 714,863 713,864 689,864 688,863 688,858 687,857 687,856 685,853 684,853 683,852 682,852 681,851 671,851 670,852 668,852 667,853 666,853 665,854 662,854 661,855 660,855 657,858 657,859 656,860 656,861 655,862 645,862 644,861 635,861 633,859 633,856 632,855 632,854 630,852 629,852 628,851 616,850 615,851 614,851 611,854 610,854 607,857 606,857 604,859 576,859 575,860 574,859 574,857 573,856 573,855 570,852 569,852 568,851 556,850 555,851 554,851 553,852 552,852 550,854 549,854 548,855 547,855 545,857 545,858 544,859 544,860 543,861 541,861 539,859 539,858 536,855 535,855 534,854 524,854 523,855 522,855 518,859 518,860 517,861 517,862 516,863 508,863 507,864 498,864 497,865 490,864 489,865 485,865 484,864 482,864 481,863 479,863 478,862 474,862 473,861 461,861 460,860 454,860 453,859 453,856 452,855 452,854 450,852 449,852 448,851 446,851 445,850 434,850 433,851 432,851 431,851 430,851 427,854 426,854 423,857 423,858 422,859 420,859 419,860 418,860 417,859 412,859 411,858 409,858 406,855 405,855 404,854 402,854 401,853 397,853 396,852 385,852 384,851 382,851 381,850 373,850 372,851 362,850 361,851 342,851 341,852 334,852 333,853 330,853 329,854 326,854 325,855 321,855 320,856 316,856 315,857 311,857 309,855 308,855 307,854 306,854 305,853 292,852 291,853 290,853 289,854 284,854 283,855 282,855 280,857 280,858 279,859 273,859 272,860 265,860 264,861 254,861 253,862 251,862 250,861 238,860 237,859 228,859 226,857 225,857 224,856 212,856 211,857 210,857 209,858 206,858 197,867 196,905 204,913 215,913 216,914 229,914 230,913 286,914 287,915 295,915 296,914 330,915 331,914 349,914 350,913 421,914 422,915 428,915 430,917 431,917 432,919 433,919 434,920 435,920 436,921 445,921 446,920 447,920 451,916 457,916 459,918 459,919 461,921 462,921 463,922 472,922 473,921 474,921 477,918 477,917 478,916 500,917 501,916 507,916 508,915 515,915 516,914 533,914 534,915 546,915 547,916 547,917 548,918 548,919 550,921 551,921 552,922 563,923 564,922 565,922 567,920 568,920 572,916 601,916 602,915 610,915 611,916 611,917 613,919 614,919 615,920 623,921 624,920 625,920 628,917 629,917 631,915 635,915 636,914 686,915 687,914 731,914 732,915 732,920 733,921 733,922 736,925 737,925 738,926 747,926 748,925 749,925 752,923 752,922 753,921 753,917 755,915 759,915 760,914 785,914 786,915 786,916 787,917 787,918 789,920 790,920 791,921 801,921 802,920 803,920 807,916 807,915 808,914 857,915 858,914 922,915 923,916 965,917 966,918 986,918 987,919 993,919 995,921 995,922 998,925 999,925 1000,926 1010,927 1011,926 1012,926 1015,923 1015,922 1016,921 1034,921 1036,923 1037,923 1038,924 1039,924 1041,926 1042,926 1043,927 1056,927 1057,926 1058,926 1059,925 1060,925 1063,922 1088,923 1089,922 1109,922 1110,921 1139,922 1140,921 1161,921 1162,922 1162,923 1163,924 1163,925 1166,928 1167,928 1168,929 1176,929 1177,928 1178,928 1182,924 1182,923 1183,922 1199,923 1200,924 1200,925 1202,927 1203,927 1204,928 1213,928 1214,927 1215,927 1218,924 1231,924 1231,871 1195,871 1194,869 1189,869 1188,868 1188,862 1187,861 1187,860 1185,858 1184,858 1183,857 1181,857 1180,856 1172,856 1171,855 1159,855 1157,853 1156,853 1155,852 1143,852"/>
                <pc:Baseline points="196,903 880,905 1249,914"/>
                <pc:TextEquiv conf="0.999637961387634">
                    <pc:Unicode>denkt Euch, ich habe ſechsunddreißig Kuͤhe,</pc:Unicode>
                </pc:TextEquiv>
            </pc:TextLine>
            <pc:TextLine id="OCR-D-BIN-DENOISE-DESKEW_0004_region0002_line0008">
                <pc:AlternativeImage filename="OCR-D-SEG-LINE-RESEG-DEWARP/OCR-D-SEG-LINE-RESEG-DEWARP_0004_OCR-D-BIN-DENOISE-DESKEW_0004_region0002_OCR-D-BIN-DENOISE-DESKEW_0004_region0002_line0008.IMG-DEWARP.png" comments="binarized,despeckled,dewarped"/>
                <pc:Coords points="615,926 614,926 613,927 612,927 607,932 607,933 606,934 606,940 605,941 601,941 600,942 562,942 559,939 558,938 557,937 548,937 547,938 546,938 542,942 519,942 518,943 492,942 490,940 490,939 487,936 486,936 485,935 475,935 474,936 473,936 469,940 469,941 467,943 456,943 455,942 452,942 451,941 451,936 450,935 450,934 447,931 446,931 445,930 434,930 433,931 431,930 430,931 428,931 427,932 426,932 424,934 423,934 421,936 421,937 419,939 394,939 393,938 393,936 392,935 392,934 390,932 389,932 388,931 374,931 373,932 372,932 370,934 367,933 366,934 362,934 361,933 354,933 353,932 336,932 335,931 334,931 333,930 314,930 313,931 312,931 311,932 286,931 285,932 282,932 281,933 279,933 278,934 277,934 270,941 269,941 268,942 265,942 264,943 258,943 257,942 257,940 256,939 256,938 254,936 253,936 252,935 241,935 240,935 239,935 237,937 237,938 235,940 231,940 230,939 228,939 225,936 224,936 223,935 214,935 213,936 211,936 210,937 209,937 207,939 205,939 196,947 195,947 195,947 194,975 195,976 195,986 203,994 216,994 217,995 227,995 228,994 247,995 248,994 324,995 325,994 359,994 360,993 371,994 372,995 372,996 374,998 375,998 376,999 386,999 387,998 388,998 392,994 410,994 411,993 427,993 428,992 463,993 464,992 481,992 482,993 510,994 516,1000 517,1000 518,1001 533,1001 534,1000 535,1000 538,997 539,997 541,995 579,996 582,999 583,999 584,1000 595,1000 596,999 597,999 600,996 603,996 604,995 617,995 618,994 631,995 633,997 633,998 635,1000 636,1000 637,1001 647,1001 648,1000 649,1000 653,996 653,995 654,994 689,995 690,994 693,994 694,995 713,995 714,996 721,996 723,998 723,999 725,1001 726,1001 727,1002 736,1002 737,1001 738,1001 739,1000 740,1000 743,997 744,997 745,998 769,999 772,1002 773,1002 774,1003 784,1003 785,1002 786,1002 788,1000 789,1000 791,998 802,998 803,997 813,998 814,997 828,997 829,996 940,998 941,997 1030,998 1031,999 1039,999 1040,1000 1054,1000 1055,1001 1055,1002 1056,1003 1056,1004 1058,1006 1059,1006 1060,1007 1117,1008 1118,1007 1123,1007 1124,1006 1127,1006 1128,1005 1130,1005 1131,1005 1132,1005 1133,1004 1135,1004 1136,1003 1137,1003 1138,1002 1141,1002 1142,1001 1146,1001 1147,1000 1162,1000 1163,999 1231,1000 1231,947 1213,947 1212,946 1212,945 1210,943 1209,943 1208,942 1197,942 1196,943 1195,943 1194,943 1193,943 1192,944 1191,944 1188,947 1181,947 1180,948 1165,948 1164,949 1155,949 1154,948 1149,948 1148,947 1145,947 1144,946 1142,946 1141,945 1140,945 1139,944 1137,944 1136,943 1133,943 1132,942 1129,941 1128,940 1122,940 1121,939 1087,939 1086,938 1085,938 1084,937 1076,937 1075,938 1074,938 1073,939 1057,938 1056,939 1050,939 1049,940 1045,940 1044,941 1040,941 1039,942 1036,942 1035,943 1032,943 1031,944 1027,944 1026,945 1019,945 1018,946 1001,945 1000,946 987,946 984,943 983,943 982,942 973,942 972,943 971,943 970,944 969,944 967,946 927,945 926,944 926,939 925,938 925,937 922,934 921,934 920,933 918,933 917,932 896,932 895,933 893,933 892,934 891,934 885,940 885,941 884,942 884,943 882,945 882,946 881,947 868,946 867,945 867,942 866,941 866,940 864,938 863,938 862,937 851,937 850,938 849,938 846,941 846,942 845,943 845,945 844,946 792,945 791,944 775,944 774,943 759,943 758,942 748,941 747,940 747,939 746,938 746,937 742,933 741,933 740,932 727,932 726,933 725,933 723,935 721,935 720,936 719,936 716,939 716,940 715,941 713,941 708,936 707,936 706,935 697,935 695,933 694,933 693,932 683,931 682,932 681,932 679,934 678,934 673,939 673,940 671,942 655,942 654,941 654,938 653,937 653,936 650,933 649,933 648,932 636,932 635,933 634,933 633,934 632,933 632,932 631,931 631,930 628,927 627,927 626,926 616,925"/>
                <pc:Baseline points="195,984 1248,990"/>
                <pc:TextEquiv conf="0.998493194580078">
                    <pc:Unicode>die Kuh bringt jaͤhrlich zwei Centner ) und</pc:Unicode>
                </pc:TextEquiv>
            </pc:TextLine>
            <pc:TextLine id="OCR-D-BIN-DENOISE-DESKEW_0004_region0002_line0009">
                <pc:AlternativeImage filename="OCR-D-SEG-LINE-RESEG-DEWARP/OCR-D-SEG-LINE-RESEG-DEWARP_0004_OCR-D-BIN-DENOISE-DESKEW_0004_region0002_OCR-D-BIN-DENOISE-DESKEW_0004_region0002_line0009.IMG-DEWARP.png" comments="binarized,despeckled,dewarped"/>
                <pc:Coords points="1009,1015 1007,1015 1006,1016 1005,1016 1002,1018 1002,1019 1001,1020 1001,1021 1000,1022 1000,1025 999,1026 975,1026 974,1027 945,1027 944,1026 934,1025 933,1026 915,1026 914,1025 889,1025 888,1024 864,1023 863,1022 854,1022 853,1021 844,1021 843,1020 842,1020 841,1019 841,1018 838,1015 837,1015 836,1014 827,1014 826,1013 817,1013 816,1014 814,1014 813,1015 812,1015 807,1019 798,1019 797,1020 791,1020 790,1021 786,1021 785,1022 781,1022 780,1023 754,1023 753,1022 753,1020 752,1019 752,1018 748,1014 747,1013 746,1012 731,1012 730,1013 729,1013 727,1015 725,1015 724,1016 723,1016 721,1018 721,1019 720,1020 720,1021 719,1022 691,1022 690,1021 678,1020 674,1016 673,1016 672,1015 662,1015 661,1016 660,1016 656,1020 621,1020 620,1018 619,1018 618,1017 610,1017 609,1018 608,1018 606,1020 602,1020 601,1021 587,1021 586,1020 586,1016 585,1015 585,1014 582,1011 581,1011 580,1010 574,1010 574,1009 563,1009 561,1010 560,1010 553,1016 553,1017 552,1018 551,1018 550,1017 545,1017 544,1016 538,1016 537,1015 533,1015 530,1012 529,1012 528,1011 527,1011 526,1010 515,1010 514,1011 513,1011 512,1012 506,1012 505,1013 504,1013 502,1015 486,1014 485,1015 483,1015 482,1016 480,1016 479,1017 478,1017 477,1018 475,1018 474,1019 472,1019 471,1020 468,1020 467,1021 460,1021 459,1022 442,1022 441,1023 404,1022 403,1021 403,1020 401,1018 400,1018 399,1017 390,1017 389,1018 388,1018 384,1022 371,1022 370,1023 353,1022 352,1021 352,1015 351,1014 351,1013 349,1011 348,1011 347,1010 343,1010 342,1009 294,1008 293,1009 285,1009 284,1010 283,1010 282,1011 281,1011 279,1013 279,1014 278,1015 278,1020 277,1021 276,1021 275,1022 240,1022 239,1020 228,1020 227,1019 226,1019 224,1017 223,1017 222,1016 211,1016 210,1017 209,1017 208,1018 207,1018 206,1019 204,1019 195,1028 195,1055 196,1056 196,1067 199,1071 199,1072 202,1075 241,1076 242,1075 309,1076 310,1075 349,1075 350,1074 371,1075 372,1074 394,1074 395,1073 490,1074 491,1073 516,1074 517,1073 548,1073 549,1074 549,1075 550,1076 550,1077 553,1080 554,1080 555,1081 564,1082 565,1081 566,1081 569,1078 569,1077 570,1076 570,1075 571,1074 652,1075 653,1074 723,1075 724,1076 724,1077 725,1078 725,1079 728,1082 729,1082 730,1083 740,1083 741,1082 742,1082 743,1081 744,1081 750,1076 779,1076 780,1075 806,1075 807,1074 927,1076 929,1075 965,1076 966,1077 972,1077 973,1078 973,1079 974,1080 974,1081 976,1083 977,1083 978,1084 979,1084 980,1085 990,1085 991,1084 995,1084 996,1083 997,1083 998,1082 999,1082 1000,1083 1001,1083 1002,1085 1012,1085 1013,1084 1014,1084 1016,1082 1016,1081 1017,1080 1017,1079 1018,1078 1035,1078 1036,1077 1064,1077 1065,1076 1072,1077 1073,1078 1081,1078 1082,1079 1098,1079 1099,1080 1112,1080 1113,1081 1124,1081 1127,1084 1128,1084 1129,1086 1130,1086 1131,1087 1139,1087 1140,1086 1141,1086 1142,1085 1143,1085 1144,1084 1145,1084 1147,1082 1154,1082 1155,1081 1167,1081 1170,1084 1171,1084 1172,1085 1173,1085 1174,1086 1182,1086 1183,1085 1184,1085 1186,1083 1187,1083 1190,1080 1192,1080 1193,1080 1213,1080 1214,1079 1231,1079 1231,1026 1191,1026 1190,1025 1190,1022 1189,1021 1189,1020 1187,1018 1186,1018 1185,1017 1170,1017 1169,1018 1168,1018 1167,1019 1166,1019 1163,1022 1162,1022 1160,1024 1160,1025 1159,1026 1150,1026 1149,1027 1137,1027 1136,1026 1105,1025 1101,1021 1100,1021 1099,1020 1085,1020 1084,1021 1083,1021 1080,1024 1080,1025 1079,1026 1064,1025 1063,1026 1034,1026 1033,1025 1033,1020 1032,1019 1032,1018 1030,1016 1029,1016 1028,1015 1027,1015 1026,1014 1010,1014"/>
                <pc:Baseline points="196,1065 1247,1069"/>
                <pc:TextEquiv conf="0.999017953872681">
                    <pc:Unicode>der Centner koſtet doch allerwenigſtens zehn</pc:Unicode>
                </pc:TextEquiv>
            </pc:TextLine>
            <pc:TextLine id="OCR-D-BIN-DENOISE-DESKEW_0004_region0002_line0010">
                <pc:AlternativeImage filename="OCR-D-SEG-LINE-RESEG-DEWARP/OCR-D-SEG-LINE-RESEG-DEWARP_0004_OCR-D-BIN-DENOISE-DESKEW_0004_region0002_OCR-D-BIN-DENOISE-DESKEW_0004_region0002_line0010.IMG-DEWARP.png" comments="binarized,despeckled,dewarped"/>
                <pc:Coords points="1106,1096 1105,1096 1103,1098 1091,1098 1090,1097 1089,1097 1088,1096 1067,1096 1066,1097 1065,1096 1064,1097 1063,1097 1062,1098 1061,1098 1060,1099 1059,1099 1055,1103 1053,1103 1052,1104 1045,1104 1043,1102 1042,1102 1041,1101 1033,1101 1032,1102 1031,1102 1028,1105 1011,1105 1008,1102 1007,1102 1006,1101 997,1100 996,1101 995,1101 994,1102 993,1102 990,1099 989,1099 988,1098 978,1098 977,1099 976,1099 970,1105 953,1105 952,1104 939,1104 937,1101 937,1099 936,1098 936,1097 934,1095 933,1095 932,1094 929,1094 928,1093 913,1093 912,1094 911,1094 906,1099 906,1100 904,1102 884,1102 883,1103 871,1102 870,1103 850,1103 849,1104 841,1104 840,1103 840,1102 837,1099 836,1099 835,1098 827,1098 826,1099 825,1099 824,1100 823,1100 821,1102 818,1102 817,1101 814,1101 813,1100 812,1100 811,1098 809,1098 808,1097 806,1097 805,1096 803,1096 802,1095 797,1095 796,1094 785,1094 784,1093 737,1092 736,1093 726,1093 725,1094 722,1094 721,1095 718,1095 717,1096 716,1096 715,1097 712,1097 711,1096 709,1096 708,1095 705,1095 704,1094 701,1094 700,1093 695,1093 694,1092 685,1092 684,1090 654,1090 653,1089 616,1088 615,1089 594,1089 593,1090 587,1090 586,1091 581,1091 580,1092 543,1091 542,1090 533,1090 532,1091 509,1091 508,1092 496,1092 495,1093 486,1092 485,1093 479,1093 478,1094 474,1094 473,1095 470,1095 469,1096 465,1096 464,1097 462,1097 460,1095 460,1094 458,1092 457,1092 456,1091 444,1091 443,1092 442,1092 441,1093 439,1093 438,1094 437,1094 433,1098 432,1097 431,1097 430,1096 429,1095 428,1094 427,1094 426,1093 423,1093 422,1092 419,1092 418,1091 411,1091 410,1090 395,1090 394,1089 325,1088 324,1089 314,1089 313,1090 309,1090 308,1091 305,1091 304,1092 303,1092 302,1092 285,1092 284,1093 283,1093 279,1097 279,1098 278,1099 278,1101 276,1103 257,1103 256,1104 228,1103 227,1104 206,1104 205,1105 203,1105 194,1114 194,1158 195,1158 200,1163 210,1163 211,1164 223,1164 224,1163 225,1163 226,1162 230,1162 231,1161 235,1161 236,1160 240,1161 241,1160 244,1160 245,1159 250,1159 251,1158 258,1158 259,1157 273,1157 274,1156 276,1158 276,1159 279,1162 280,1162 281,1163 290,1163 291,1162 292,1162 293,1161 294,1161 296,1159 296,1158 298,1156 309,1157 310,1156 329,1156 330,1155 385,1156 387,1158 387,1159 389,1161 390,1161 391,1162 402,1162 403,1161 404,1161 408,1157 408,1156 409,1155 416,1155 417,1154 432,1155 433,1154 450,1154 451,1153 484,1153 485,1152 509,1153 510,1152 511,1152 513,1150 513,1149 514,1148 515,1133 516,1132 522,1132 523,1131 531,1131 532,1132 531,1158 532,1159 532,1160 534,1162 535,1162 536,1163 586,1164 587,1163 598,1163 599,1162 605,1162 606,1161 608,1161 609,1160 611,1160 612,1159 613,1159 614,1158 615,1158 616,1157 617,1157 618,1156 619,1156 620,1156 624,1156 625,1155 642,1155 643,1154 713,1155 714,1154 765,1155 766,1156 775,1156 776,1155 862,1156 863,1157 899,1158 901,1160 901,1161 904,1164 905,1164 906,1165 915,1165 916,1164 917,1164 920,1161 920,1160 923,1157 939,1158 940,1157 966,1157 967,1156 984,1156 985,1157 1054,1158 1055,1159 1055,1160 1056,1161 1056,1162 1058,1164 1059,1164 1060,1165 1070,1166 1071,1165 1072,1165 1075,1162 1075,1161 1078,1158 1099,1158 1100,1159 1100,1161 1101,1162 1101,1163 1103,1165 1104,1165 1105,1166 1114,1166 1115,1165 1116,1165 1117,1164 1118,1164 1124,1158 1132,1159 1133,1158 1176,1158 1177,1157 1205,1158 1206,1157 1220,1157 1221,1156 1231,1156 1231,1111 1227,1111 1226,1110 1206,1110 1205,1109 1169,1108 1168,1107 1168,1106 1167,1105 1167,1104 1164,1101 1163,1101 1162,1100 1154,1100 1153,1101 1151,1101 1150,1102 1149,1102 1146,1105 1146,1106 1145,1107 1142,1107 1141,1106 1132,1106 1131,1105 1126,1104 1125,1103 1125,1101 1124,1100 1124,1099 1121,1096 1120,1096 1119,1095 1107,1095"/>
                <pc:Baseline points="191,1151 501,1142 514,1144 531,1146 573,1152 628,1145 1245,1146"/>
                <pc:TextEquiv conf="0.991508960723877">
                    <pc:Unicode>große Thaler*) Der Vater ſtreitet ſich im—</pc:Unicode>
                </pc:TextEquiv>
            </pc:TextLine>
            <pc:TextLine id="OCR-D-BIN-DENOISE-DESKEW_0004_region0002_line0011">
                <pc:AlternativeImage filename="OCR-D-SEG-LINE-RESEG-DEWARP/OCR-D-SEG-LINE-RESEG-DEWARP_0004_OCR-D-BIN-DENOISE-DESKEW_0004_region0002_OCR-D-BIN-DENOISE-DESKEW_0004_region0002_line0011.IMG-DEWARP.png" comments="binarized,despeckled,dewarped"/>
                <pc:Coords points="580,1169 572,1169 571,1170 569,1170 568,1171 566,1171 565,1172 564,1172 561,1175 561,1176 560,1177 560,1178 558,1180 557,1180 556,1180 546,1180 545,1181 506,1181 505,1180 505,1178 504,1177 504,1176 500,1172 499,1172 498,1171 496,1171 495,1170 487,1169 486,1170 484,1170 483,1171 482,1171 481,1172 480,1172 478,1174 478,1175 477,1176 477,1177 476,1178 476,1179 474,1181 458,1181 457,1182 395,1181 394,1180 394,1179 392,1177 391,1177 390,1176 381,1176 380,1177 379,1177 376,1180 375,1179 375,1178 372,1175 371,1175 370,1174 361,1173 360,1174 359,1174 356,1177 356,1178 355,1179 355,1181 354,1182 315,1182 314,1183 266,1182 265,1183 235,1182 234,1183 201,1183 194,1190 194,1230 198,1234 255,1235 256,1234 313,1235 314,1234 355,1234 356,1233 413,1234 414,1233 433,1234 434,1233 471,1233 472,1234 472,1238 473,1239 473,1240 477,1244 478,1244 479,1245 487,1245 488,1244 489,1244 493,1241 493,1240 494,1239 494,1238 495,1237 495,1235 496,1234 510,1234 511,1233 607,1234 608,1233 661,1234 662,1233 676,1233 677,1234 677,1235 678,1236 678,1237 681,1240 682,1240 683,1241 693,1242 694,1241 695,1241 696,1240 697,1240 700,1237 700,1236 702,1234 743,1234 744,1235 763,1236 764,1237 778,1237 779,1238 779,1239 780,1240 780,1241 782,1243 783,1243 784,1244 793,1244 794,1243 795,1243 796,1242 797,1242 799,1240 799,1239 801,1237 830,1238 831,1237 843,1237 844,1236 905,1237 906,1238 906,1239 907,1240 907,1241 909,1243 910,1243 911,1244 921,1244 922,1243 923,1243 930,1236 994,1237 995,1236 1077,1238 1078,1239 1231,1240 1231,1184 1224,1184 1222,1182 1221,1182 1220,1181 1209,1181 1208,1182 1207,1182 1204,1185 1195,1185 1194,1186 1189,1185 1188,1184 1181,1184 1180,1183 1177,1183 1176,1182 1174,1182 1173,1181 1170,1181 1169,1180 1167,1180 1166,1179 1162,1179 1161,1178 1154,1178 1153,1177 1086,1176 1085,1177 1076,1177 1075,1178 1069,1178 1068,1179 1065,1178 1064,1179 1061,1179 1060,1180 1057,1180 1056,1181 1054,1181 1053,1182 1049,1182 1048,1183 1043,1183 1042,1184 1040,1184 1039,1183 1020,1183 1019,1182 1019,1181 1016,1178 1015,1178 1014,1177 1005,1177 1004,1178 1003,1178 1002,1179 1001,1178 997,1182 971,1182 970,1183 963,1183 962,1184 955,1184 954,1185 931,1184 930,1183 930,1180 929,1179 929,1178 925,1174 924,1174 923,1173 914,1173 913,1174 911,1174 910,1175 909,1175 908,1176 907,1176 906,1177 905,1177 904,1178 903,1178 900,1181 900,1182 898,1184 884,1184 883,1185 858,1184 857,1183 856,1183 855,1182 845,1182 844,1183 843,1183 842,1184 823,1184 822,1185 803,1184 802,1185 792,1185 791,1184 741,1183 740,1182 734,1182 733,1181 733,1176 732,1175 732,1174 730,1172 729,1172 728,1171 713,1171 712,1172 711,1172 710,1173 707,1173 706,1174 705,1174 703,1176 699,1172 698,1172 697,1171 685,1171 684,1172 683,1171 682,1172 681,1172 680,1173 678,1173 677,1174 676,1174 674,1176 673,1175 672,1175 671,1174 670,1174 669,1173 668,1173 667,1172 664,1172 663,1171 659,1171 658,1170 647,1170 646,1169 581,1168"/>
                <pc:Baseline points="190,1224 1244,1232"/>
                <pc:TextEquiv conf="0.99715918302536">
                    <pc:Unicode>mer mit unſerm Nachbar, woher das Wort</pc:Unicode>
                </pc:TextEquiv>
            </pc:TextLine>
            <pc:TextLine id="OCR-D-BIN-DENOISE-DESKEW_0004_region0002_line0012">
                <pc:AlternativeImage filename="OCR-D-SEG-LINE-RESEG-DEWARP/OCR-D-SEG-LINE-RESEG-DEWARP_0004_OCR-D-BIN-DENOISE-DESKEW_0004_region0002_OCR-D-BIN-DENOISE-DESKEW_0004_region0002_line0012.IMG-DEWARP.png" comments="binarized,despeckled,dewarped"/>
                <pc:Coords points="1164,1255 1163,1255 1162,1256 1161,1256 1160,1257 1159,1257 1158,1258 1156,1258 1155,1259 1154,1259 1152,1261 1152,1262 1151,1263 1151,1265 1150,1266 1128,1265 1127,1264 1127,1263 1125,1261 1124,1261 1123,1260 1121,1260 1120,1259 1111,1259 1110,1260 1109,1260 1106,1263 1106,1264 1104,1266 1089,1266 1088,1267 971,1265 970,1264 952,1264 951,1263 915,1262 912,1259 911,1259 910,1258 908,1258 907,1257 899,1257 898,1258 896,1258 895,1259 894,1259 891,1262 890,1262 889,1263 880,1263 879,1262 876,1262 875,1261 872,1260 871,1259 869,1259 868,1258 866,1258 865,1257 846,1257 844,1255 843,1255 842,1254 834,1254 833,1255 832,1255 831,1254 821,1254 820,1255 819,1255 817,1257 814,1257 813,1256 805,1255 804,1256 803,1256 798,1261 797,1261 796,1262 793,1262 792,1263 784,1263 783,1264 776,1264 775,1263 774,1263 773,1262 765,1262 764,1263 763,1263 762,1264 676,1262 675,1261 670,1261 669,1260 669,1259 666,1256 665,1256 664,1255 660,1255 659,1254 658,1254 657,1253 656,1253 655,1252 652,1252 651,1251 645,1251 644,1250 625,1250 624,1251 583,1250 582,1251 576,1251 575,1252 573,1252 572,1253 571,1253 570,1254 569,1254 566,1257 566,1258 564,1260 563,1260 562,1261 560,1261 559,1262 554,1261 553,1262 532,1262 530,1263 425,1261 424,1260 424,1254 423,1253 423,1252 421,1250 420,1250 419,1249 402,1249 401,1248 386,1248 385,1249 363,1248 362,1249 356,1249 355,1250 354,1250 351,1253 351,1254 350,1255 350,1259 349,1260 348,1260 347,1261 339,1261 337,1262 327,1262 326,1263 314,1263 313,1264 289,1263 288,1262 282,1262 281,1261 278,1261 278,1260 275,1260 274,1259 272,1259 271,1258 269,1258 268,1257 265,1257 264,1256 262,1256 261,1255 261,1254 259,1252 258,1252 257,1251 246,1251 245,1252 244,1252 243,1253 242,1253 241,1254 199,1253 194,1257 194,1311 197,1314 212,1314 213,1315 223,1315 224,1314 250,1315 251,1316 251,1318 252,1319 252,1320 255,1323 256,1323 257,1324 266,1324 267,1323 268,1323 272,1319 272,1318 273,1317 273,1316 274,1315 301,1315 302,1315 317,1315 318,1314 332,1314 333,1313 375,1314 376,1313 379,1313 380,1314 380,1316 381,1317 381,1318 383,1320 384,1320 385,1321 397,1321 398,1320 399,1320 401,1318 401,1317 402,1316 402,1314 403,1313 428,1313 429,1313 471,1313 472,1312 525,1313 526,1312 587,1313 588,1312 607,1312 608,1313 680,1314 681,1313 792,1315 793,1314 848,1315 849,1314 883,1315 884,1314 892,1314 893,1315 904,1315 905,1314 971,1315 972,1316 982,1316 983,1315 1036,1316 1037,1317 1056,1317 1062,1323 1063,1323 1064,1324 1067,1325 1068,1326 1079,1326 1080,1325 1082,1325 1083,1324 1084,1324 1090,1318 1106,1318 1107,1317 1156,1318 1158,1320 1158,1321 1161,1324 1162,1324 1163,1325 1172,1325 1173,1324 1174,1324 1176,1322 1177,1322 1181,1318 1210,1319 1211,1318 1231,1318 1231,1270 1220,1270 1219,1269 1208,1269 1207,1267 1207,1265 1206,1264 1206,1263 1203,1260 1202,1260 1201,1259 1189,1258 1188,1259 1187,1259 1184,1262 1182,1260 1182,1259 1180,1257 1179,1257 1178,1256 1177,1256 1176,1255 1174,1255 1173,1254 1165,1254"/>
                <pc:Baseline points="189,1305 1243,1308"/>
                <pc:TextEquiv conf="0.990738272666931">
                    <pc:Unicode>Alpe abſtamme Einer will es vom griechi—</pc:Unicode>
                </pc:TextEquiv>
            </pc:TextLine>
            <pc:TextLine id="OCR-D-BIN-DENOISE-DESKEW_0004_region0002_line0013">
                <pc:AlternativeImage filename="OCR-D-SEG-LINE-RESEG-DEWARP/OCR-D-SEG-LINE-RESEG-DEWARP_0004_OCR-D-BIN-DENOISE-DESKEW_0004_region0002_OCR-D-BIN-DENOISE-DESKEW_0004_region0002_line0013.IMG-DEWARP.png" comments="binarized,despeckled,dewarped"/>
                <pc:Coords points="1120,1334 1116,1334 1115,1335 1114,1335 1112,1337 1112,1338 1110,1340 1109,1340 1108,1339 1097,1339 1096,1340 1095,1340 1093,1342 1083,1342 1082,1343 1081,1342 1081,1341 1080,1340 1080,1339 1078,1337 1077,1337 1076,1336 1066,1336 1065,1337 1062,1336 1061,1337 1060,1337 1057,1340 1057,1341 1055,1343 1048,1343 1047,1344 1030,1344 1029,1345 1013,1345 1012,1346 922,1344 921,1343 912,1343 911,1344 848,1343 847,1342 847,1341 846,1340 846,1339 844,1337 843,1337 842,1336 830,1336 829,1337 828,1337 824,1341 824,1342 823,1343 800,1342 799,1343 779,1343 778,1344 775,1344 774,1343 739,1342 738,1341 723,1341 722,1340 709,1340 706,1337 705,1337 704,1336 692,1336 691,1337 690,1337 687,1340 663,1339 662,1340 656,1340 655,1341 649,1341 648,1342 610,1341 608,1339 607,1339 606,1338 595,1338 594,1339 592,1339 591,1338 591,1337 589,1335 588,1335 587,1334 577,1334 576,1335 575,1335 571,1339 571,1340 569,1342 562,1342 561,1341 561,1337 560,1336 560,1335 557,1332 556,1332 555,1331 545,1330 544,1331 542,1331 541,1332 540,1332 537,1335 536,1335 534,1337 534,1338 533,1339 533,1340 532,1341 510,1341 509,1342 506,1342 505,1341 496,1341 495,1340 495,1337 494,1336 494,1335 491,1331 490,1331 489,1330 480,1330 479,1331 476,1331 475,1332 474,1332 473,1333 472,1333 471,1334 470,1334 469,1335 468,1335 466,1337 466,1338 464,1340 449,1340 448,1341 444,1341 443,1342 442,1342 441,1343 440,1343 439,1344 438,1344 437,1345 436,1345 435,1346 433,1346 432,1347 430,1347 429,1348 425,1347 424,1348 416,1348 415,1349 370,1349 369,1348 369,1347 364,1341 363,1341 362,1340 351,1340 350,1341 349,1341 346,1344 346,1345 344,1347 342,1347 341,1346 335,1346 334,1345 327,1345 326,1344 308,1344 307,1343 279,1342 278,1341 269,1341 268,1340 263,1340 262,1339 260,1339 257,1336 257,1335 253,1331 252,1331 251,1330 240,1330 239,1331 237,1331 236,1331 221,1331 220,1330 210,1330 209,1331 197,1331 194,1334 194,1395 196,1397 197,1397 198,1398 198,1399 199,1400 199,1401 201,1403 202,1403 203,1404 215,1404 216,1403 217,1403 221,1399 221,1398 223,1396 225,1396 226,1395 231,1395 232,1396 232,1397 234,1399 235,1399 236,1400 247,1401 248,1400 249,1400 250,1399 251,1399 255,1395 257,1395 258,1394 281,1394 282,1393 303,1394 304,1393 318,1393 319,1392 328,1392 329,1391 338,1391 339,1390 348,1390 349,1389 365,1390 367,1389 402,1389 403,1390 412,1390 413,1391 422,1391 423,1392 429,1393 430,1394 431,1394 432,1395 442,1395 443,1394 444,1394 445,1393 470,1393 471,1394 471,1396 472,1397 472,1398 474,1400 475,1400 476,1401 486,1401 487,1400 488,1400 489,1399 490,1399 493,1397 493,1396 495,1394 507,1394 508,1393 564,1394 565,1393 643,1394 646,1397 647,1397 648,1398 657,1398 658,1397 659,1397 662,1394 693,1395 694,1394 719,1394 720,1393 826,1395 827,1394 857,1394 858,1395 867,1395 868,1394 926,1395 927,1394 1021,1396 1022,1395 1027,1395 1028,1396 1037,1396 1038,1395 1105,1396 1106,1397 1106,1398 1107,1399 1107,1400 1110,1403 1111,1403 1112,1404 1121,1404 1122,1403 1123,1403 1125,1401 1125,1400 1126,1399 1126,1398 1128,1397 1138,1397 1139,1398 1139,1399 1140,1400 1140,1401 1142,1403 1143,1403 1144,1404 1155,1404 1156,1403 1157,1403 1158,1402 1159,1402 1164,1397 1189,1397 1190,1397 1231,1397 1231,1345 1190,1345 1189,1346 1185,1346 1184,1345 1165,1345 1164,1344 1164,1340 1163,1339 1163,1338 1161,1336 1160,1336 1159,1335 1157,1335 1156,1334 1148,1334 1147,1335 1143,1335 1142,1336 1141,1336 1139,1338 1138,1338 1137,1339 1134,1336 1133,1336 1132,1335 1130,1335 1129,1334 1121,1333"/>
                <pc:Baseline points="188,1386 356,1379 1242,1387"/>
                <pc:TextEquiv conf="0.949703693389893">
                    <pc:Unicode>ſchen aλπeς herleiten, der andre vom celtiſchen</pc:Unicode>
                </pc:TextEquiv>
            </pc:TextLine>
            <pc:TextLine id="OCR-D-BIN-DENOISE-DESKEW_0004_region0002_line0014">
                <pc:AlternativeImage filename="OCR-D-SEG-LINE-RESEG-DEWARP/OCR-D-SEG-LINE-RESEG-DEWARP_0004_OCR-D-BIN-DENOISE-DESKEW_0004_region0002_OCR-D-BIN-DENOISE-DESKEW_0004_region0002_line0014.IMG-DEWARP.png" comments="binarized,despeckled,dewarped"/>
                <pc:Coords points="1024,1413 1023,1413 1022,1414 1021,1414 1020,1415 1019,1415 1018,1416 1017,1416 1016,1417 1015,1417 1013,1419 1013,1420 1012,1421 1012,1423 1011,1424 981,1423 980,1424 958,1424 957,1425 956,1425 955,1424 955,1421 954,1420 954,1419 952,1417 951,1417 950,1416 939,1416 938,1417 937,1417 935,1418 935,1419 934,1420 934,1421 933,1422 933,1423 932,1424 930,1424 929,1425 908,1425 907,1426 899,1426 898,1425 890,1425 889,1426 869,1425 868,1424 859,1424 858,1425 821,1425 820,1424 755,1423 754,1422 754,1417 753,1416 753,1415 750,1412 749,1412 748,1411 739,1410 738,1411 735,1411 734,1412 733,1412 731,1414 728,1414 727,1415 726,1415 724,1417 724,1418 723,1419 723,1421 722,1422 699,1422 698,1423 667,1422 665,1420 665,1419 662,1416 661,1416 660,1415 651,1415 650,1416 649,1416 645,1420 645,1421 644,1422 599,1421 598,1420 598,1417 597,1416 597,1415 595,1413 594,1413 593,1412 589,1412 588,1411 575,1411 574,1412 573,1412 572,1413 571,1413 570,1414 569,1414 566,1417 565,1416 564,1416 563,1415 553,1414 552,1415 551,1415 548,1418 548,1419 547,1420 536,1420 533,1417 532,1417 531,1416 530,1416 529,1415 517,1415 516,1416 515,1416 512,1419 512,1420 511,1421 493,1421 492,1420 482,1419 481,1418 473,1418 470,1415 469,1415 468,1414 457,1414 456,1415 455,1415 453,1417 412,1416 408,1412 407,1412 406,1411 390,1411 389,1412 388,1412 385,1415 383,1415 382,1414 372,1414 371,1415 370,1415 367,1418 367,1419 366,1420 366,1421 365,1422 363,1421 362,1422 324,1422 323,1421 313,1421 312,1422 286,1421 285,1420 281,1420 280,1419 277,1419 276,1418 274,1418 273,1417 270,1417 269,1416 262,1416 260,1414 259,1414 258,1413 242,1413 241,1412 230,1411 229,1412 228,1412 227,1413 225,1413 224,1414 223,1414 222,1415 219,1415 218,1416 217,1416 216,1417 215,1417 210,1422 208,1422 207,1423 203,1423 202,1424 198,1424 196,1426 196,1427 194,1429 194,1469 196,1471 271,1472 272,1473 273,1473 274,1474 284,1474 285,1473 286,1473 287,1472 330,1473 331,1474 339,1474 340,1473 344,1473 345,1472 351,1472 352,1473 371,1474 372,1475 378,1475 379,1476 379,1477 383,1481 384,1481 385,1482 395,1482 396,1481 397,1481 399,1479 399,1478 400,1477 400,1476 401,1475 416,1475 417,1476 426,1476 427,1476 441,1476 442,1475 453,1475 454,1474 463,1474 464,1473 475,1473 476,1472 494,1473 495,1472 496,1473 504,1473 505,1472 559,1473 560,1474 560,1476 561,1477 561,1478 562,1479 562,1480 564,1482 565,1482 566,1483 577,1483 578,1482 579,1482 581,1480 581,1479 582,1478 582,1477 583,1476 583,1474 584,1473 616,1473 617,1472 688,1474 689,1473 732,1473 733,1472 757,1473 758,1474 776,1474 777,1475 800,1475 805,1480 806,1480 807,1481 810,1482 811,1483 821,1483 822,1482 823,1482 824,1481 826,1481 827,1480 828,1480 832,1476 845,1476 846,1475 878,1476 883,1481 884,1481 885,1482 897,1482 898,1481 899,1481 900,1480 901,1480 903,1478 903,1477 904,1476 917,1476 918,1475 934,1475 935,1474 953,1475 954,1474 981,1474 982,1475 990,1475 991,1474 1054,1475 1055,1476 1072,1477 1073,1478 1084,1478 1085,1477 1094,1477 1095,1476 1122,1476 1123,1475 1146,1476 1147,1475 1231,1475 1231,1426 1200,1426 1199,1425 1194,1425 1192,1423 1192,1422 1190,1419 1189,1419 1188,1418 1187,1418 1186,1417 1178,1417 1177,1418 1176,1418 1171,1423 1171,1424 1170,1425 1090,1424 1089,1425 1075,1425 1074,1426 1073,1425 1073,1422 1072,1421 1072,1420 1069,1417 1068,1417 1067,1416 1057,1415 1056,1416 1055,1416 1052,1419 1052,1420 1051,1421 1051,1422 1049,1424 1042,1424 1041,1423 1041,1418 1040,1417 1040,1416 1037,1413 1036,1413 1035,1412 1025,1412"/>
                <pc:Baseline points="188,1461 1240,1466"/>
                <pc:TextEquiv conf="0.997371077537537">
                    <pc:Unicode>alb, weiß; das iſt mir aber ganz einerlei; mein</pc:Unicode>
                </pc:TextEquiv>
            </pc:TextLine>
            <pc:TextLine id="OCR-D-BIN-DENOISE-DESKEW_0004_region0002_line0015">
                <pc:AlternativeImage filename="OCR-D-SEG-LINE-RESEG-DEWARP/OCR-D-SEG-LINE-RESEG-DEWARP_0004_OCR-D-BIN-DENOISE-DESKEW_0004_region0002_OCR-D-BIN-DENOISE-DESKEW_0004_region0002_line0015.IMG-DEWARP.png" comments="binarized,despeckled,dewarped"/>
                <pc:Coords points="898,1486 895,1486 894,1487 893,1487 891,1489 856,1488 855,1489 846,1489 845,1490 840,1490 839,1491 837,1491 836,1492 834,1492 833,1493 832,1493 825,1500 823,1500 822,1501 819,1501 818,1502 813,1502 812,1503 798,1502 797,1503 788,1503 786,1501 786,1500 785,1499 785,1498 783,1496 782,1496 781,1495 771,1495 770,1496 769,1496 765,1500 765,1501 763,1503 669,1501 668,1500 668,1491 667,1490 667,1489 664,1486 663,1486 662,1485 651,1485 650,1486 649,1486 648,1487 647,1487 643,1491 638,1491 637,1490 629,1490 628,1491 627,1491 626,1492 625,1492 621,1496 621,1497 620,1498 620,1500 619,1501 619,1502 618,1503 584,1502 582,1500 582,1499 579,1496 578,1496 577,1495 568,1495 567,1496 566,1496 565,1497 564,1497 562,1499 562,1500 561,1501 561,1502 560,1503 550,1502 549,1501 507,1501 503,1497 502,1497 501,1496 493,1496 492,1497 491,1497 487,1500 486,1500 485,1499 485,1495 484,1494 484,1493 481,1490 480,1490 479,1489 467,1489 466,1490 464,1490 463,1491 462,1491 461,1492 459,1492 458,1493 457,1493 455,1495 455,1496 454,1497 454,1500 453,1501 448,1501 447,1502 443,1502 442,1501 442,1500 441,1499 441,1498 438,1495 437,1495 436,1494 428,1494 427,1495 426,1494 422,1498 422,1499 421,1500 421,1502 420,1503 396,1503 395,1504 346,1503 345,1502 318,1502 317,1501 317,1496 316,1495 316,1494 314,1492 313,1492 312,1491 311,1491 310,1490 299,1489 298,1490 297,1490 296,1491 295,1491 293,1493 292,1493 290,1495 290,1496 288,1498 288,1499 287,1500 280,1500 279,1499 274,1499 273,1498 269,1498 268,1497 263,1497 262,1496 259,1496 255,1492 254,1492 253,1491 243,1491 242,1492 241,1492 239,1494 221,1493 220,1492 202,1492 201,1493 196,1493 194,1495 194,1552 200,1552 201,1553 248,1554 249,1555 249,1556 250,1557 250,1558 253,1561 254,1561 255,1562 264,1562 265,1561 266,1561 269,1558 269,1557 270,1556 270,1555 271,1554 292,1554 293,1555 293,1556 296,1559 297,1559 298,1560 306,1561 307,1560 309,1560 310,1559 311,1559 312,1558 313,1558 315,1556 315,1555 316,1554 330,1554 331,1553 375,1554 376,1555 394,1555 399,1560 400,1560 401,1561 418,1561 419,1560 420,1560 426,1554 440,1555 441,1554 454,1554 455,1553 476,1553 477,1552 520,1553 521,1552 618,1554 619,1555 619,1556 623,1560 624,1560 625,1561 633,1561 634,1560 635,1560 638,1557 638,1556 640,1554 662,1554 663,1553 701,1554 702,1553 742,1553 743,1552 914,1555 916,1557 916,1558 918,1560 919,1560 920,1561 931,1561 932,1560 933,1560 938,1556 949,1556 950,1555 974,1555 975,1554 1018,1555 1019,1554 1073,1555 1074,1554 1110,1554 1111,1555 1141,1556 1142,1557 1142,1558 1143,1559 1143,1560 1145,1562 1146,1562 1147,1563 1158,1563 1159,1562 1160,1562 1162,1560 1162,1559 1163,1558 1163,1557 1164,1556 1185,1556 1186,1555 1213,1556 1214,1555 1231,1555 1231,1506 1205,1506 1204,1505 1204,1502 1203,1501 1203,1500 1200,1497 1199,1497 1198,1496 1189,1495 1188,1496 1187,1496 1186,1497 1185,1497 1183,1499 1183,1500 1182,1501 1182,1502 1181,1503 1174,1503 1173,1502 1173,1499 1172,1498 1172,1497 1169,1494 1168,1494 1167,1493 1152,1493 1151,1494 1150,1494 1145,1499 1145,1500 1144,1501 1144,1502 1143,1503 1111,1502 1110,1503 1082,1503 1081,1504 1038,1503 1037,1504 1002,1504 1001,1503 1001,1502 1000,1501 1000,1500 998,1497 997,1497 996,1496 986,1496 985,1497 984,1497 981,1500 981,1501 980,1502 980,1503 979,1504 944,1504 943,1503 943,1497 942,1496 942,1495 940,1493 939,1493 938,1492 937,1492 936,1491 932,1490 931,1489 913,1489 911,1487 910,1487 909,1486 908,1486 907,1485 899,1485"/>
                <pc:Baseline points="185,1542 1239,1546"/>
                <pc:TextEquiv conf="0.994914054870605">
                    <pc:Unicode>Alpchen giebt mir fuͤr meine Kuͤhe immer fri—</pc:Unicode>
                </pc:TextEquiv>
            </pc:TextLine>
            <pc:TextLine id="OCR-D-BIN-DENOISE-DESKEW_0004_region0002_line0016">
                <pc:AlternativeImage filename="OCR-D-SEG-LINE-RESEG-DEWARP/OCR-D-SEG-LINE-RESEG-DEWARP_0004_OCR-D-BIN-DENOISE-DESKEW_0004_region0002_OCR-D-BIN-DENOISE-DESKEW_0004_region0002_line0016.IMG-DEWARP.png" comments="binarized,despeckled,dewarped"/>
                <pc:Coords points="1104,1571 1101,1571 1100,1572 1099,1572 1093,1578 1093,1579 1091,1581 1081,1581 1079,1579 1079,1578 1077,1576 1076,1576 1075,1575 1073,1575 1072,1574 1060,1573 1059,1572 1056,1572 1055,1571 1039,1571 1038,1572 1037,1572 1036,1573 1017,1573 1016,1574 1004,1574 1003,1575 998,1574 995,1571 994,1571 993,1570 984,1570 983,1571 982,1571 981,1572 980,1572 979,1573 978,1573 977,1574 976,1574 975,1575 974,1575 971,1578 968,1578 967,1579 965,1579 964,1580 961,1580 960,1581 955,1581 954,1582 947,1582 946,1583 908,1582 907,1581 907,1577 906,1576 906,1575 903,1572 902,1572 901,1571 889,1571 888,1572 887,1572 886,1573 885,1573 884,1574 883,1574 877,1580 877,1581 876,1582 862,1581 861,1582 839,1582 838,1583 803,1582 801,1583 786,1583 785,1584 773,1584 772,1583 742,1582 742,1581 726,1581 725,1580 725,1576 724,1575 724,1574 721,1571 720,1571 719,1570 711,1570 710,1571 708,1571 707,1572 706,1572 705,1573 704,1573 703,1574 702,1574 698,1578 698,1579 696,1581 673,1580 672,1581 668,1581 665,1578 664,1578 663,1577 654,1577 653,1578 652,1578 647,1582 626,1582 626,1581 623,1581 622,1580 621,1580 620,1579 619,1579 618,1578 617,1577 616,1576 615,1576 614,1575 612,1575 611,1574 607,1574 606,1573 597,1573 596,1572 549,1571 548,1572 536,1572 535,1573 529,1573 528,1574 512,1574 511,1575 510,1575 507,1578 504,1578 503,1579 496,1579 495,1580 485,1579 484,1580 469,1580 467,1581 441,1581 438,1577 437,1577 436,1576 435,1576 434,1575 422,1574 421,1575 420,1575 414,1580 391,1580 391,1579 386,1579 385,1578 383,1578 382,1577 380,1577 379,1576 377,1576 376,1575 374,1575 373,1574 369,1574 368,1573 364,1573 363,1571 362,1571 361,1570 342,1570 341,1569 330,1569 329,1570 328,1570 327,1571 326,1571 325,1572 306,1572 305,1573 298,1572 297,1573 293,1573 292,1574 287,1574 286,1575 285,1575 284,1576 280,1576 279,1577 276,1577 275,1578 270,1578 268,1579 262,1579 262,1578 259,1578 258,1577 258,1576 256,1574 255,1574 254,1573 254,1572 252,1570 251,1570 250,1569 236,1569 235,1569 226,1569 225,1568 195,1568 194,1569 194,1634 196,1636 197,1636 198,1637 198,1638 199,1639 201,1641 202,1641 202,1642 213,1642 215,1641 216,1641 221,1636 227,1636 228,1635 229,1636 229,1637 231,1639 232,1639 233,1640 246,1641 247,1640 248,1640 249,1639 250,1639 252,1637 252,1636 254,1634 265,1634 266,1633 294,1633 295,1632 312,1633 313,1632 395,1633 396,1632 400,1632 401,1633 410,1633 411,1632 442,1633 443,1632 477,1632 478,1631 541,1632 542,1633 588,1634 589,1633 617,1634 618,1633 636,1633 637,1632 702,1633 703,1634 703,1635 704,1636 704,1637 706,1639 707,1639 708,1640 719,1640 720,1639 721,1639 723,1637 723,1636 726,1633 767,1634 768,1635 768,1636 771,1639 772,1639 773,1640 782,1640 783,1639 784,1639 787,1636 787,1635 788,1634 801,1634 802,1633 826,1634 827,1633 880,1634 881,1635 881,1636 882,1637 882,1638 884,1640 885,1640 886,1641 896,1641 897,1640 898,1640 899,1639 900,1639 902,1637 902,1636 904,1634 927,1634 928,1633 953,1634 954,1633 995,1633 996,1632 1025,1633 1026,1634 1026,1635 1027,1636 1027,1637 1031,1641 1032,1641 1033,1642 1042,1642 1043,1641 1044,1641 1048,1637 1048,1636 1049,1635 1049,1634 1050,1633 1090,1634 1091,1633 1158,1634 1159,1635 1168,1635 1169,1634 1190,1635 1191,1634 1211,1634 1219,1634 1220,1633 1227,1633 1231,1633 1231,1586 1218,1586 1217,1585 1198,1585 1197,1584 1196,1584 1195,1583 1185,1582 1184,1583 1132,1583 1131,1582 1123,1581 1122,1580 1122,1576 1121,1575 1121,1574 1118,1571 1117,1571 1116,1570 1105,1570"/>
                <pc:Baseline points="186,1626 1238,1623"/>
                <pc:TextEquiv conf="0.989666521549225">
                    <pc:Unicode>ſches Gras und Winterheu, mehr als ſie brau⸗</pc:Unicode>
                </pc:TextEquiv>
            </pc:TextLine>
            <pc:TextEquiv>
                <pc:Unicode>ben, mit einer ſo tranlichen Natuͤrlichkeit, als
gehoͤre ich zum Kreiſe ihres Hauſes. ,,Die
Alpe, auf der wir hier gehen, Herr Ritter,''
fuhr ſie fort, ,,iſt mein Muttertheil, die laͤßt
mir der Aeti zum Nadelgeld; aber ich kann
die Batzen alle nicht brauchen; o ich bin reich,
denkt Euch, ich habe ſechsunddreißig Kuͤhe,
die Kuh bringt jaͤhrlich zwei Centner ) und
der Centner koſtet doch allerwenigſtens zehn
große Thaler*) Der Vater ſtreitet ſich im—
mer mit unſerm Nachbar, woher das Wort
Alpe abſtamme Einer will es vom griechi—
ſchen aλπeς herleiten, der andre vom celtiſchen
alb, weiß; das iſt mir aber ganz einerlei; mein
Alpchen giebt mir fuͤr meine Kuͤhe immer fri—
ſches Gras und Winterheu, mehr als ſie brau⸗</pc:Unicode>
            </pc:TextEquiv>
        </pc:TextRegion>
        <pc:TextRegion id="OCR-D-BIN-DENOISE-DESKEW_0004_region0003">
            <pc:Coords points="294,1668 290,1668 289,1669 285,1669 284,1670 280,1670 279,1671 274,1671 273,1672 269,1672 268,1673 264,1673 263,1674 259,1674 258,1675 254,1675 253,1676 249,1676 248,1677 244,1677 243,1678 239,1678 238,1679 234,1678 233,1679 228,1679 227,1680 223,1680 222,1681 218,1681 217,1682 213,1682 212,1683 210,1683 210,1684 209,1685 209,1686 208,1687 208,1688 207,1689 207,1694 208,1695 208,1698 209,1699 209,1703 210,1704 209,1707 210,1708 210,1712 211,1713 211,1716 212,1717 212,1721 213,1722 213,1725 214,1726 214,1730 215,1731 215,1734 216,1735 216,1739 217,1740 217,1743 218,1744 218,1748 219,1749 219,1752 220,1753 220,1757 221,1758 221,1761 222,1762 222,1766 223,1767 222,1770 223,1771 223,1775 224,1776 224,1779 225,1780 225,1784 226,1785 226,1788 227,1789 227,1793 228,1794 228,1797 229,1798 229,1802 230,1803 230,1806 231,1807 231,1811 232,1812 232,1815 233,1816 233,1820 234,1822 234,1825 235,1826 235,1830 236,1831 235,1834 236,1835 236,1839 237,1840 237,1843 238,1844 238,1848 239,1849 239,1852 240,1853 240,1857 241,1858 241,1861 242,1862 242,1866 243,1867 243,1870 244,1871 244,1875 245,1876 245,1879 246,1880 246,1884 247,1885 247,1888 248,1889 248,1893 249,1894 248,1897 249,1898 249,1901 250,1902 250,1903 251,1904 251,1905 263,1905 264,1906 289,1906 290,1907 314,1908 315,1909 340,1909 341,1910 365,1911 366,1912 391,1912 392,1913 446,1914 447,1913 514,1914 515,1913 581,1914 582,1913 629,1914 630,1913 657,1913 658,1912 685,1913 686,1912 713,1912 714,1911 741,1911 742,1911 769,1911 770,1910 797,1910 798,1909 825,1910 826,1909 853,1909 854,1908 881,1909 882,1908 903,1908 904,1907 918,1907 919,1906 932,1907 933,1906 947,1906 948,1905 957,1905 958,1904 962,1904 963,1903 967,1903 968,1902 972,1902 974,1901 978,1901 979,1900 983,1900 984,1899 988,1899 989,1898 993,1898 994,1897 998,1898 999,1897 1003,1897 1004,1896 1008,1896 1009,1895 1013,1895 1014,1894 1018,1894 1019,1893 1023,1893 1024,1892 1027,1892 1028,1891 1032,1891 1033,1890 1037,1890 1038,1889 1042,1889 1043,1888 1047,1888 1048,1887 1052,1887 1053,1886 1057,1886 1058,1885 1062,1886 1063,1885 1067,1885 1068,1884 1072,1884 1073,1883 1077,1883 1078,1882 1082,1882 1083,1881 1087,1881 1088,1880 1092,1880 1093,1879 1097,1879 1098,1878 1102,1878 1103,1877 1107,1877 1108,1876 1112,1876 1113,1875 1117,1875 1118,1874 1122,1874 1123,1873 1127,1874 1128,1873 1132,1873 1133,1872 1137,1872 1138,1871 1142,1871 1143,1870 1147,1870 1148,1869 1152,1869 1153,1868 1157,1868 1158,1867 1162,1867 1163,1866 1166,1866 1167,1865 1171,1865 1172,1864 1176,1864 1177,1863 1181,1863 1182,1862 1186,1862 1187,1862 1191,1862 1192,1861 1196,1861 1197,1860 1201,1860 1202,1859 1206,1859 1207,1858 1211,1858 1212,1857 1216,1857 1217,1856 1221,1856 1222,1855 1226,1855 1227,1854 1231,1854 1231,1692 1228,1692 1227,1691 1224,1691 1223,1690 1220,1690 1219,1689 1216,1689 1215,1688 1212,1688 1211,1687 1208,1687 1207,1686 1204,1686 1203,1685 1200,1685 1199,1684 1196,1684 1195,1683 751,1676 750,1675 295,1667"/>
            <pc:TextLine id="OCR-D-BIN-DENOISE-DESKEW_0004_region0003_line0001">
                <pc:AlternativeImage filename="OCR-D-SEG-LINE-RESEG-DEWARP/OCR-D-SEG-LINE-RESEG-DEWARP_0004_OCR-D-BIN-DENOISE-DESKEW_0004_region0003_OCR-D-BIN-DENOISE-DESKEW_0004_region0003_line0001.IMG-DEWARP.png" comments="binarized,despeckled,dewarped"/>
                <pc:Coords points="296,1668 295,1668 292,1671 292,1672 291,1673 291,1682 290,1683 240,1683 239,1684 210,1683 210,1684 210,1685 209,1686 209,1687 208,1688 208,1689 207,1690 207,1692 208,1692 209,1693 210,1693 211,1694 213,1694 214,1695 217,1695 218,1696 220,1696 221,1697 222,1697 223,1698 224,1698 231,1705 230,1706 231,1707 231,1708 232,1709 232,1713 233,1714 234,1714 237,1718 238,1718 241,1721 242,1721 244,1723 256,1723 257,1722 258,1722 259,1723 259,1724 256,1727 256,1728 255,1729 255,1737 256,1738 256,1739 257,1740 257,1741 259,1743 262,1743 263,1744 284,1744 285,1743 286,1743 287,1742 290,1742 291,1741 303,1742 304,1743 305,1743 306,1744 308,1744 309,1743 317,1743 318,1742 328,1742 329,1741 346,1741 347,1740 364,1741 367,1744 368,1744 369,1745 379,1745 380,1744 381,1744 385,1740 393,1740 394,1739 409,1739 410,1738 423,1738 424,1737 444,1738 445,1737 495,1738 496,1737 498,1737 499,1738 569,1739 570,1738 579,1738 580,1737 592,1737 593,1736 616,1737 617,1736 684,1737 685,1738 685,1739 688,1742 689,1742 690,1743 699,1743 700,1742 701,1742 703,1740 703,1739 704,1738 704,1737 705,1736 717,1736 718,1735 721,1735 727,1729 735,1729 736,1730 741,1730 746,1736 781,1736 782,1737 791,1737 792,1736 817,1737 818,1738 837,1738 838,1739 900,1740 901,1739 917,1739 918,1738 931,1738 932,1737 947,1738 948,1737 965,1737 966,1738 987,1738 988,1739 989,1739 990,1740 992,1740 993,1741 996,1741 997,1741 1005,1741 1006,1740 1009,1740 1010,1739 1046,1739 1047,1738 1118,1739 1119,1738 1153,1739 1154,1740 1163,1740 1164,1739 1165,1739 1166,1740 1175,1740 1176,1739 1179,1739 1180,1740 1188,1741 1189,1740 1231,1740 1231,1694 1215,1694 1214,1695 1201,1695 1200,1694 1200,1690 1199,1689 1199,1688 1195,1684 1194,1684 1193,1683 1193,1683 1182,1683 1182,1683 1181,1683 1178,1686 1178,1687 1177,1688 1177,1689 1176,1690 1176,1692 1175,1693 1105,1692 1104,1691 1104,1689 1103,1688 1103,1687 1100,1684 1099,1684 1098,1683 1088,1683 1087,1684 1086,1684 1085,1685 1084,1685 1083,1686 1081,1686 1080,1687 1079,1687 1077,1689 1077,1690 1075,1692 1046,1691 1045,1692 1012,1692 1011,1693 1007,1693 1006,1692 1005,1692 1004,1691 1001,1691 1000,1690 1000,1689 999,1688 999,1687 996,1683 995,1683 994,1682 983,1682 982,1683 981,1683 977,1687 977,1688 976,1689 976,1692 975,1693 969,1693 968,1692 954,1692 953,1691 945,1691 944,1690 939,1690 938,1689 934,1689 933,1687 931,1687 930,1686 930,1685 927,1682 926,1682 925,1681 913,1681 912,1682 911,1682 910,1683 881,1683 880,1682 872,1682 871,1683 855,1682 854,1683 846,1683 845,1684 842,1684 841,1685 838,1685 837,1686 834,1686 833,1687 829,1687 828,1688 821,1688 820,1689 807,1689 806,1687 794,1687 791,1684 790,1684 789,1683 779,1683 778,1684 777,1684 776,1685 775,1685 773,1687 760,1687 759,1686 751,1686 750,1687 749,1687 748,1688 731,1687 730,1688 718,1688 716,1686 716,1685 714,1683 713,1683 712,1682 711,1682 710,1681 696,1681 695,1682 694,1682 689,1687 673,1686 672,1685 671,1685 670,1684 669,1684 668,1683 658,1683 657,1684 656,1684 654,1686 650,1686 649,1687 630,1687 629,1686 620,1686 618,1684 617,1684 616,1682 607,1682 606,1683 605,1683 604,1684 603,1684 602,1685 564,1685 563,1686 560,1686 558,1684 557,1684 556,1683 555,1683 554,1682 546,1681 545,1682 544,1682 543,1683 540,1683 539,1684 538,1684 536,1686 535,1686 533,1688 531,1688 529,1686 529,1685 527,1683 526,1683 525,1682 524,1682 523,1681 514,1681 513,1682 512,1682 511,1683 501,1683 500,1684 495,1684 494,1685 493,1685 491,1687 491,1688 490,1689 483,1688 482,1689 457,1689 456,1690 431,1690 430,1691 399,1690 398,1691 396,1691 395,1690 395,1687 394,1686 394,1685 392,1683 391,1683 390,1682 389,1682 388,1681 387,1681 386,1680 377,1680 376,1681 375,1681 374,1682 373,1682 372,1683 371,1683 367,1679 366,1679 365,1678 357,1677 356,1678 355,1678 353,1680 351,1680 350,1681 349,1681 347,1683 347,1684 345,1686 341,1686 340,1685 339,1685 338,1684 324,1684 323,1685 314,1685 313,1684 313,1683 314,1682 314,1674 313,1673 313,1672 311,1670 310,1670 309,1669 308,1669 307,1668 297,1667 297,1667"/>
                <pc:Baseline points="270,1729 735,1724 1236,1730"/>
                <pc:TextEquiv conf="0.984415590763092">
                    <pc:Unicode>*) aͤſe nemlich, das ſett der Schweizer aber nie</pc:Unicode>
                </pc:TextEquiv>
            </pc:TextLine>
            <pc:TextLine id="OCR-D-BIN-DENOISE-DESKEW_0004_region0003_line0002">
                <pc:AlternativeImage filename="OCR-D-SEG-LINE-RESEG-DEWARP/OCR-D-SEG-LINE-RESEG-DEWARP_0004_OCR-D-BIN-DENOISE-DESKEW_0004_region0003_OCR-D-BIN-DENOISE-DESKEW_0004_region0003_line0002.IMG-DEWARP.png" comments="binarized,despeckled,dewarped"/>
                <pc:Coords points="721,1736 722,1737 722,1739 723,1740 723,1741 725,1743 726,1743 727,1744 728,1744 729,1745 740,1745 741,1746 740,1747 715,1747 714,1748 690,1748 689,1747 679,1746 678,1747 640,1747 639,1748 635,1748 634,1747 634,1743 633,1742 633,1741 631,1739 630,1739 629,1738 617,1738 616,1739 615,1738 614,1739 613,1739 610,1742 610,1743 609,1744 609,1745 607,1747 606,1746 606,1742 605,1741 605,1740 603,1738 602,1738 601,1737 593,1737 592,1738 580,1738 579,1739 576,1739 574,1741 574,1742 573,1743 573,1745 572,1746 560,1746 557,1743 556,1743 555,1742 553,1742 552,1740 541,1740 540,1741 539,1741 537,1743 537,1744 536,1745 526,1745 525,1746 507,1746 506,1747 503,1747 502,1746 502,1745 501,1744 501,1743 499,1741 498,1741 497,1740 487,1739 486,1740 485,1740 484,1739 483,1739 482,1738 473,1738 472,1739 471,1739 466,1744 466,1745 464,1747 444,1747 443,1748 394,1747 393,1748 383,1748 382,1749 350,1748 349,1747 329,1747 328,1746 308,1746 307,1745 306,1745 305,1744 304,1744 303,1743 291,1742 290,1743 287,1743 286,1744 285,1744 284,1745 263,1745 262,1744 249,1744 249,1745 248,1746 248,1747 244,1751 244,1752 242,1754 243,1755 243,1758 244,1759 244,1761 245,1762 245,1763 246,1764 246,1765 247,1766 247,1767 248,1768 248,1769 249,1771 249,1772 253,1776 253,1777 257,1781 258,1781 260,1783 260,1784 261,1785 262,1785 263,1786 264,1786 265,1787 266,1787 267,1788 268,1788 271,1791 272,1791 274,1793 282,1793 283,1794 316,1795 317,1796 329,1796 331,1798 332,1798 333,1799 334,1799 335,1800 345,1800 346,1799 347,1799 348,1798 349,1798 351,1796 377,1797 378,1798 379,1798 380,1799 389,1799 390,1798 391,1798 393,1796 408,1796 409,1795 419,1795 420,1794 430,1795 431,1794 445,1794 446,1793 510,1794 511,1793 548,1793 549,1792 569,1793 571,1795 571,1796 573,1798 574,1798 575,1799 585,1799 586,1798 587,1798 589,1796 589,1795 591,1793 627,1794 628,1795 628,1796 630,1798 631,1798 632,1799 641,1799 642,1798 643,1798 647,1794 655,1794 656,1793 692,1794 693,1793 694,1793 695,1794 747,1795 748,1794 789,1794 790,1793 824,1794 825,1793 877,1794 878,1793 883,1793 884,1794 887,1794 888,1795 897,1795 898,1794 942,1795 944,1797 944,1798 946,1800 947,1800 948,1801 957,1801 958,1800 959,1800 962,1797 962,1796 963,1795 989,1795 990,1794 1015,1795 1016,1794 1037,1794 1038,1793 1051,1793 1052,1794 1107,1795 1109,1797 1109,1798 1111,1800 1112,1800 1113,1801 1122,1801 1123,1800 1124,1801 1127,1798 1127,1797 1128,1796 1139,1796 1140,1797 1153,1797 1157,1801 1158,1801 1159,1802 1168,1802 1169,1801 1170,1801 1171,1800 1172,1800 1174,1798 1187,1798 1190,1802 1191,1802 1192,1803 1201,1803 1202,1802 1203,1802 1206,1799 1231,1799 1231,1750 1226,1750 1225,1749 1197,1749 1195,1747 1194,1747 1193,1746 1183,1745 1182,1746 1181,1746 1179,1748 1174,1748 1173,1747 1173,1746 1171,1744 1170,1744 1169,1743 1160,1743 1159,1744 1158,1744 1157,1745 1155,1745 1154,1746 1153,1746 1151,1748 1143,1748 1142,1747 1142,1746 1139,1743 1138,1743 1137,1742 1136,1742 1135,1741 1134,1741 1133,1740 1123,1739 1122,1740 1121,1740 1120,1741 1119,1741 1114,1746 1114,1747 1113,1748 1092,1748 1091,1749 1073,1749 1072,1748 1064,1748 1063,1747 1056,1746 1055,1745 1045,1745 1044,1744 1042,1744 1041,1743 1040,1743 1039,1742 1038,1742 1037,1741 1035,1741 1034,1740 1023,1740 1022,1741 1021,1741 1020,1742 1019,1742 1017,1744 1013,1744 1010,1741 1006,1741 1005,1742 997,1742 996,1742 980,1742 979,1743 976,1743 975,1744 974,1744 973,1743 973,1742 971,1740 970,1740 969,1739 966,1739 965,1738 956,1738 955,1739 953,1739 952,1740 951,1740 948,1743 948,1744 946,1746 945,1746 944,1747 937,1747 936,1748 926,1747 925,1748 887,1748 886,1749 873,1749 872,1748 810,1747 809,1748 779,1747 777,1745 776,1745 775,1744 766,1744 765,1745 764,1745 762,1747 742,1746 741,1745 742,1744 743,1745 745,1743 745,1742 746,1741 746,1737 741,1731 736,1731 735,1730 727,1730"/>
                <pc:Baseline points="260,1783 1007,1783 1235,1789"/>
                <pc:TextEquiv conf="0.994603514671326">
                    <pc:Unicode>dazu, weil es ſich, meint er, von ſelbſt verſteht,</pc:Unicode>
                </pc:TextEquiv>
            </pc:TextLine>
            <pc:TextLine id="OCR-D-BIN-DENOISE-DESKEW_0004_region0003_line0003">
                <pc:AlternativeImage filename="OCR-D-SEG-LINE-RESEG-DEWARP/OCR-D-SEG-LINE-RESEG-DEWARP_0004_OCR-D-BIN-DENOISE-DESKEW_0004_region0003_OCR-D-BIN-DENOISE-DESKEW_0004_region0003_line0003.IMG-DEWARP.png" comments="binarized,despeckled,dewarped"/>
                <pc:Coords points="1020,1797 1019,1797 1017,1799 1004,1799 1003,1800 995,1799 994,1800 988,1800 987,1801 984,1801 982,1799 981,1799 980,1798 972,1798 971,1799 970,1799 966,1803 958,1803 957,1804 941,1804 940,1805 897,1804 896,1803 886,1803 885,1802 875,1802 874,1801 865,1800 864,1799 855,1799 854,1798 844,1798 843,1797 838,1797 837,1796 836,1796 835,1795 825,1795 824,1796 820,1796 819,1795 809,1795 808,1796 748,1795 747,1796 734,1795 733,1796 727,1796 726,1797 715,1797 714,1798 713,1798 711,1800 709,1800 708,1801 701,1801 700,1802 682,1802 679,1799 678,1798 677,1797 667,1797 666,1798 665,1798 662,1801 643,1801 642,1802 633,1802 632,1803 622,1803 621,1804 609,1803 608,1802 590,1802 589,1801 576,1801 575,1800 564,1800 563,1799 548,1798 547,1797 546,1797 545,1796 542,1796 541,1795 539,1795 538,1794 529,1794 528,1795 519,1795 518,1796 517,1796 516,1797 515,1797 514,1798 496,1798 495,1799 491,1799 490,1800 487,1799 486,1800 483,1800 482,1801 477,1801 476,1802 469,1802 468,1803 445,1803 444,1804 403,1803 402,1804 372,1804 371,1805 336,1804 335,1803 323,1803 322,1802 313,1802 312,1801 307,1801 304,1798 303,1798 302,1797 301,1797 300,1796 291,1795 290,1796 289,1796 288,1797 287,1797 285,1799 276,1799 275,1800 275,1801 272,1804 272,1805 269,1808 270,1809 270,1815 271,1816 271,1823 272,1824 271,1835 272,1836 272,1841 280,1849 293,1849 294,1850 303,1851 304,1850 333,1850 334,1851 339,1851 340,1850 341,1850 342,1851 351,1851 352,1850 403,1851 404,1850 431,1851 432,1850 471,1850 472,1849 618,1852 621,1855 622,1855 623,1856 636,1856 637,1855 638,1855 640,1853 641,1853 642,1852 661,1852 662,1851 676,1851 677,1850 692,1851 693,1850 730,1850 731,1851 786,1852 787,1851 854,1852 855,1853 864,1853 865,1852 915,1853 916,1852 969,1853 970,1852 1081,1854 1082,1853 1144,1854 1148,1858 1149,1858 1150,1859 1152,1859 1153,1860 1165,1860 1166,1859 1167,1859 1168,1858 1169,1858 1172,1855 1173,1855 1174,1854 1198,1855 1199,1854 1220,1854 1221,1853 1231,1853 1231,1809 1202,1809 1201,1808 1192,1808 1191,1807 1182,1806 1181,1807 1174,1807 1173,1806 1140,1806 1139,1805 1099,1804 1098,1803 1097,1803 1096,1802 1087,1802 1086,1803 1078,1803 1077,1802 1069,1802 1068,1801 1059,1800 1058,1799 1053,1799 1052,1798 1051,1798 1050,1797 1049,1797 1048,1796 1037,1796 1036,1797 1035,1797 1034,1796 1021,1796"/>
                <pc:Baseline points="272,1839 1234,1844"/>
                <pc:TextEquiv conf="0.986855387687683">
                    <pc:Unicode>denn vom Ertrag des Milch- und Butterge⸗</pc:Unicode>
                </pc:TextEquiv>
            </pc:TextLine>
            <pc:TextLine id="OCR-D-BIN-DENOISE-DESKEW_0004_region0003_line0004">
                <pc:AlternativeImage filename="OCR-D-SEG-LINE-RESEG-DEWARP/OCR-D-SEG-LINE-RESEG-DEWARP_0004_OCR-D-BIN-DENOISE-DESKEW_0004_region0003_OCR-D-BIN-DENOISE-DESKEW_0004_region0003_line0004.IMG-DEWARP.png" comments="binarized,despeckled,dewarped"/>
                <pc:Coords points="790,1853 777,1853 776,1854 773,1854 772,1855 770,1855 769,1856 767,1856 766,1857 764,1857 763,1858 761,1858 760,1859 757,1859 756,1860 750,1860 749,1861 743,1861 742,1860 736,1859 735,1858 735,1857 731,1853 730,1853 729,1852 718,1852 717,1853 716,1853 713,1856 713,1857 712,1858 710,1858 709,1857 707,1857 703,1853 702,1853 701,1852 687,1852 686,1853 685,1853 684,1854 683,1854 682,1855 681,1855 679,1857 673,1856 672,1857 655,1857 654,1858 645,1858 644,1859 634,1859 633,1860 620,1860 619,1861 616,1861 615,1860 587,1859 586,1858 585,1858 584,1857 576,1857 575,1858 574,1858 573,1859 537,1858 536,1857 522,1857 521,1856 520,1856 519,1855 518,1855 517,1854 507,1854 506,1855 505,1855 504,1856 489,1856 488,1855 487,1854 486,1853 485,1853 484,1852 470,1852 469,1853 468,1853 467,1854 466,1854 465,1853 464,1853 463,1852 461,1852 460,1851 451,1851 450,1852 449,1852 447,1854 447,1855 445,1857 440,1857 439,1858 432,1858 431,1859 418,1858 417,1859 412,1859 411,1858 411,1857 409,1855 408,1855 407,1854 405,1854 404,1853 396,1853 395,1854 394,1854 393,1855 392,1855 390,1857 390,1858 389,1859 386,1859 385,1860 363,1860 362,1861 341,1860 340,1859 340,1856 339,1855 339,1854 337,1852 334,1852 333,1851 322,1851 318,1855 318,1856 317,1857 317,1859 316,1860 299,1860 298,1859 290,1858 289,1859 281,1859 272,1868 272,1869 271,1870 271,1876 270,1877 270,1880 269,1881 269,1883 268,1884 268,1885 267,1886 267,1887 262,1892 261,1892 260,1893 258,1893 257,1894 254,1894 253,1895 251,1895 250,1896 249,1900 250,1901 250,1902 251,1903 251,1904 251,1905 263,1905 263,1905 320,1906 321,1907 330,1907 331,1906 389,1907 390,1908 399,1908 400,1909 400,1910 402,1912 403,1912 404,1913 413,1913 414,1912 415,1912 419,1908 457,1909 460,1912 461,1912 462,1913 472,1913 473,1912 474,1912 477,1909 487,1910 488,1909 509,1909 510,1908 528,1908 529,1907 600,1908 603,1911 604,1911 605,1912 606,1912 607,1913 612,1914 615,1914 616,1913 621,1913 622,1912 623,1912 624,1911 625,1911 627,1909 639,1909 640,1908 673,1908 674,1907 717,1908 718,1907 811,1909 812,1908 849,1908 850,1907 880,1908 881,1907 886,1907 887,1908 896,1908 897,1907 903,1907 904,1906 919,1906 921,1906 922,1905 935,1906 936,1905 948,1905 955,1905 956,1904 957,1904 960,1902 960,1901 961,1900 961,1867 960,1866 960,1865 958,1863 957,1863 956,1862 950,1862 949,1861 898,1860 897,1859 876,1859 875,1858 865,1857 864,1856 858,1856 857,1855 856,1855 855,1854 830,1854 829,1853 791,1852"/>
                <pc:Baseline points="253,1895 961,1895"/>
                <pc:TextEquiv conf="0.999351918697357">
                    <pc:Unicode>winns, iſt dort gar keine Rede.</pc:Unicode>
                </pc:TextEquiv>
            </pc:TextLine>
            <pc:TextEquiv>
                <pc:Unicode>*) aͤſe nemlich, das ſett der Schweizer aber nie
dazu, weil es ſich, meint er, von ſelbſt verſteht,
denn vom Ertrag des Milch- und Butterge⸗
winns, iſt dort gar keine Rede.</pc:Unicode>
            </pc:TextEquiv>
        </pc:TextRegion>
        <pc:TextRegion id="OCR-D-BIN-DENOISE-DESKEW_0004_region0004">
            <pc:Coords points="908,1942 830,1941 829,1942 750,1941 749,1942 671,1940 670,1941 592,1940 591,1941 521,1940 520,1941 457,1940 456,1941 393,1940 392,1941 335,1940 334,1941 282,1940 281,1941 247,1941 246,1942 238,1942 237,1943 236,1943 234,1945 233,1945 227,1950 226,1973 227,1974 227,1977 228,1978 228,1981 229,1982 229,1985 230,1986 230,1989 231,1990 231,1993 232,1994 232,1997 233,1999 233,2002 234,2003 234,2006 235,2007 235,2010 236,2011 236,2014 237,2015 237,2017 238,2018 238,2020 239,2021 239,2023 239,2024 239,2025 240,2026 240,2028 241,2029 241,2031 242,2032 242,2034 243,2035 243,2036 244,2037 244,2039 245,2040 245,2042 246,2043 246,2045 247,2046 247,2048 248,2049 248,2050 249,2051 249,2053 250,2054 250,2056 251,2057 251,2059 252,2060 252,2061 253,2062 253,2064 254,2065 254,2067 255,2068 255,2070 256,2071 256,2072 257,2073 257,2075 258,2076 258,2078 259,2079 259,2081 260,2082 260,2084 261,2085 261,2086 262,2087 261,2089 262,2090 262,2092 263,2093 263,2095 264,2096 264,2097 265,2098 265,2100 266,2101 266,2102 274,2110 282,2110 283,2111 300,2112 301,2113 318,2113 319,2114 336,2114 401,2114 423,2114 443,2114 444,2113 464,2113 465,2112 481,2112 482,2111 493,2112 494,2111 505,2111 506,2110 517,2110 518,2109 529,2109 530,2108 541,2108 542,2107 554,2108 555,2107 566,2107 567,2106 578,2106 579,2105 590,2105 591,2104 602,2104 603,2103 615,2104 616,2103 627,2103 628,2102 639,2102 640,2101 651,2101 652,2100 663,2100 664,2099 675,2099 676,2099 688,2099 689,2098 700,2098 701,2097 712,2097 713,2096 724,2096 725,2095 736,2095 737,2094 748,2095 749,2094 761,2094 762,2093 773,2093 774,2092 785,2092 787,2091 798,2091 799,2090 810,2091 811,2090 823,2090 824,2089 835,2089 836,2088 847,2088 848,2087 859,2087 860,2086 871,2087 872,2086 883,2086 884,2085 896,2085 897,2084 908,2084 909,2083 920,2083 921,2082 932,2083 933,2082 944,2082 945,2081 957,2081 958,2080 969,2080 970,2079 981,2079 982,2078 993,2078 994,2077 1005,2078 1006,2077 1017,2077 1018,2076 1030,2076 1031,2075 1042,2075 1043,2074 1054,2074 1055,2073 1066,2074 1067,2073 1078,2073 1079,2072 1090,2072 1091,2071 1103,2071 1104,2070 1115,2070 1116,2069 1127,2070 1128,2069 1139,2069 1140,2068 1151,2068 1152,2067 1164,2067 1165,2066 1176,2066 1177,2065 1188,2066 1189,2065 1200,2065 1201,2064 1212,2064 1213,2063 1224,2063 1225,2062 1231,2062 1231,1952 1228,1952 1227,1951 1216,1951 1215,1950 1204,1950 1203,1949 1192,1949 1191,1948 1180,1947 1179,1946 1168,1946 1167,1945 909,1941"/>
            <pc:TextLine id="OCR-D-BIN-DENOISE-DESKEW_0004_region0004_line0001">
                <pc:AlternativeImage filename="OCR-D-SEG-LINE-RESEG-DEWARP/OCR-D-SEG-LINE-RESEG-DEWARP_0004_OCR-D-BIN-DENOISE-DESKEW_0004_region0004_OCR-D-BIN-DENOISE-DESKEW_0004_region0004_line0001.IMG-DEWARP.png" comments="binarized,despeckled,dewarped"/>
                <pc:Coords points="947,1943 938,1943 937,1944 935,1944 934,1945 933,1945 932,1946 931,1945 927,1949 927,1950 925,1952 924,1952 923,1953 920,1953 919,1954 918,1953 915,1953 914,1952 913,1952 912,1951 911,1951 909,1949 908,1949 907,1948 906,1948 905,1947 904,1947 903,1946 899,1946 898,1945 878,1945 877,1944 856,1943 855,1944 846,1944 845,1945 838,1945 837,1946 834,1946 833,1947 830,1947 829,1948 825,1948 824,1949 820,1949 819,1950 788,1949 787,1948 779,1948 778,1947 778,1946 776,1944 775,1944 774,1943 764,1943 763,1944 762,1944 761,1943 760,1943 759,1942 749,1942 748,1943 747,1943 743,1947 743,1948 741,1949 737,1949 736,1950 727,1950 726,1951 714,1951 713,1952 701,1952 700,1951 668,1950 666,1948 666,1947 664,1945 663,1945 662,1944 652,1944 651,1945 646,1945 645,1946 644,1946 643,1947 638,1947 637,1946 632,1946 631,1945 626,1945 625,1944 618,1944 617,1943 606,1942 605,1941 591,1941 552,1941 551,1942 544,1941 543,1942 540,1942 539,1943 538,1943 537,1944 536,1944 535,1945 534,1945 533,1946 532,1946 531,1947 529,1947 528,1948 525,1948 524,1949 517,1949 516,1950 512,1950 510,1948 510,1947 507,1944 506,1944 505,1943 503,1943 502,1942 491,1942 490,1943 489,1943 487,1944 486,1944 484,1946 484,1947 483,1948 483,1949 482,1950 457,1950 456,1951 392,1950 391,1949 384,1949 383,1948 378,1948 377,1947 377,1946 376,1945 376,1944 374,1942 373,1942 372,1941 361,1941 360,1942 359,1941 358,1942 357,1942 356,1941 334,1941 331,1941 330,1942 255,1941 254,1942 246,1942 238,1942 237,1943 236,1944 235,1944 234,1945 234,1945 232,1946 232,1946 227,1950 226,1971 229,1974 230,1974 233,1978 234,1978 237,1981 248,1981 249,1980 281,1980 282,1981 281,1982 280,1982 279,1983 278,1983 277,1984 275,1984 274,1985 273,1985 270,1988 270,1989 269,1990 269,1999 270,2000 271,2000 272,2001 273,2001 274,2002 279,2002 280,2003 283,2003 284,2002 288,2002 289,2001 290,2001 292,1999 293,1999 294,1998 295,1998 296,1998 297,1998 298,1997 384,1998 385,1997 396,1997 397,1996 405,1996 406,1997 420,1997 422,1995 422,1994 427,1990 437,1990 438,1991 439,1991 440,1992 441,1992 446,1997 482,1997 484,1999 485,1999 486,2000 491,2001 492,2000 494,2000 495,1999 496,1999 497,1998 498,1998 499,1997 522,1997 523,1998 600,1999 602,2001 602,2002 605,2002 606,2003 611,2003 612,2002 614,2003 616,2001 617,2001 618,2000 619,2000 620,1999 718,2000 721,2003 722,2003 723,2004 735,2004 736,2003 739,2003 740,2002 741,2003 744,2000 745,2000 746,1999 748,1999 749,1998 757,1998 758,1999 766,1999 767,1998 842,1999 844,2001 844,2002 846,2004 847,2004 848,2005 859,2005 860,2004 861,2004 863,2002 863,2001 865,1999 876,2000 877,1999 893,1999 894,1998 905,1998 906,1997 918,1997 919,1996 948,1997 949,1998 975,1998 976,1999 992,1999 993,1998 1003,1999 1004,1998 1015,1998 1016,1999 1024,1999 1025,1998 1027,1998 1028,1997 1029,1998 1038,1998 1039,1997 1068,1998 1069,1999 1100,1999 1101,2000 1102,2000 1103,2001 1111,2001 1112,2000 1113,2000 1114,1999 1130,2000 1131,1999 1151,1999 1152,2000 1162,2000 1163,1999 1231,2000 1231,1952 1228,1952 1228,1952 1186,1951 1185,1950 1166,1950 1165,1949 1165,1948 1163,1946 1162,1946 1161,1945 1149,1945 1148,1946 1147,1946 1144,1949 1120,1948 1119,1949 1111,1949 1110,1950 1105,1950 1104,1951 1099,1951 1098,1952 1087,1952 1086,1953 1055,1952 1054,1951 1046,1951 1045,1950 1044,1950 1043,1949 1030,1949 1029,1948 1026,1948 1025,1947 1022,1947 1021,1946 1018,1946 1017,1945 1011,1945 1010,1944 999,1944 998,1943 948,1942"/>
                <pc:Baseline points="226,1970 286,1972 334,1986 1232,1989"/>
                <pc:TextEquiv conf="0.974773228168488">
                    <pc:Unicode>*) Ein aroßer Thaler gilt 2 fl. 1o Batzen; der</pc:Unicode>
                </pc:TextEquiv>
            </pc:TextLine>
            <pc:TextLine id="OCR-D-BIN-DENOISE-DESKEW_0004_region0004_line0002">
                <pc:AlternativeImage filename="OCR-D-SEG-LINE-RESEG-DEWARP/OCR-D-SEG-LINE-RESEG-DEWARP_0004_OCR-D-BIN-DENOISE-DESKEW_0004_region0004_OCR-D-BIN-DENOISE-DESKEW_0004_region0004_line0002.IMG-DEWARP.png" comments="binarized,despeckled,dewarped"/>
                <pc:Coords points="1024,2000 1017,2000 1016,2001 1007,2001 1006,2002 1005,2002 1004,2003 1003,2003 1002,2004 988,2003 987,2004 980,2004 979,2005 974,2005 973,2006 967,2006 966,2007 941,2007 940,2006 936,2006 934,2004 933,2004 932,2003 921,2002 920,2003 919,2003 917,2005 891,2005 890,2006 882,2006 881,2007 876,2007 875,2008 870,2008 869,2009 859,2008 858,2009 826,2009 825,2008 818,2008 817,2007 816,2007 815,2006 806,2006 805,2007 800,2006 799,2005 791,2005 790,2004 780,2004 779,2003 778,2003 777,2002 775,2002 774,2001 772,2001 771,2000 758,2000 757,1999 749,1999 748,2000 746,2000 745,2001 744,2001 741,2004 740,2003 739,2004 736,2004 735,2005 723,2005 722,2004 721,2005 719,2005 718,2006 716,2006 715,2007 714,2007 713,2008 711,2008 710,2009 708,2009 707,2010 704,2010 703,2011 699,2011 698,2012 686,2012 685,2011 681,2011 680,2010 678,2010 677,2008 676,2008 675,2007 674,2007 673,2006 672,2006 671,2005 669,2005 668,2004 665,2004 664,2003 639,2003 637,2001 636,2001 635,2000 626,2000 625,2001 624,2000 620,2000 619,2001 618,2001 617,2002 616,2002 614,2004 612,2003 611,2004 606,2004 605,2003 597,2003 596,2004 593,2004 592,2005 590,2005 589,2006 587,2006 586,2007 583,2007 582,2008 579,2008 578,2009 574,2009 573,2010 567,2010 566,2011 552,2011 551,2010 541,2009 540,2008 529,2008 528,2007 514,2007 513,2006 513,2004 512,2003 512,2002 510,2000 509,2000 508,1999 507,1999 506,1998 499,1998 498,1999 497,1999 496,2000 495,2000 494,2001 492,2001 491,2002 486,2001 485,2000 474,2000 473,2001 472,2001 469,2004 469,2005 468,2006 451,2006 450,2007 432,2007 431,2008 427,2008 426,2007 412,2006 411,2005 411,2002 410,2001 410,2000 408,1998 406,1998 405,1997 397,1997 396,1998 385,1998 384,1999 382,1999 381,2000 377,2000 376,2001 375,2001 373,2003 373,2004 371,2006 354,2005 353,2004 338,2004 337,2003 322,2003 321,2002 318,2002 316,2000 315,2000 314,1999 313,1999 312,1998 298,1998 297,1999 296,1999 295,1999 294,1999 293,2000 292,2000 290,2002 289,2002 288,2003 284,2003 283,2004 280,2004 279,2003 274,2003 273,2002 272,2002 271,2001 243,2001 241,2003 241,2004 240,2005 240,2006 236,2010 236,2011 236,2013 237,2014 237,2015 237,2016 238,2017 238,2018 238,2019 239,2020 239,2021 240,2022 240,2023 241,2025 241,2026 244,2029 245,2029 247,2031 248,2031 249,2032 250,2032 251,2033 252,2033 253,2034 254,2034 258,2038 259,2038 260,2039 260,2040 261,2041 261,2044 262,2044 263,2045 264,2045 266,2047 267,2047 272,2052 292,2052 293,2051 298,2052 299,2053 312,2053 313,2052 392,2053 393,2054 401,2054 402,2053 406,2053 407,2054 416,2054 417,2053 426,2054 427,2055 481,2055 485,2059 486,2060 487,2061 488,2061 489,2062 497,2062 498,2061 499,2061 502,2058 502,2057 503,2056 520,2056 521,2055 543,2055 544,2054 569,2055 570,2054 574,2054 575,2055 600,2055 601,2056 601,2057 604,2060 605,2060 606,2061 607,2061 608,2062 618,2063 619,2062 620,2062 622,2060 622,2059 623,2058 623,2057 624,2056 656,2056 657,2055 670,2055 671,2054 690,2055 691,2054 709,2054 710,2055 802,2056 803,2057 803,2058 807,2063 808,2063 809,2064 819,2064 820,2063 822,2063 823,2062 824,2062 827,2059 827,2058 829,2056 874,2057 875,2058 884,2058 885,2057 900,2057 901,2056 934,2057 935,2056 960,2056 961,2057 971,2057 972,2056 1091,2058 1092,2057 1122,2058 1123,2057 1129,2057 1130,2058 1153,2058 1154,2059 1166,2059 1167,2060 1181,2060 1182,2061 1231,2062 1231,2008 1196,2008 1195,2009 1193,2009 1192,2010 1181,2009 1180,2010 1122,2009 1121,2008 1102,2008 1101,2007 1092,2007 1089,2004 1088,2004 1087,2003 1081,2003 1080,2002 1069,2002 1068,2003 1066,2003 1065,2004 1064,2004 1063,2005 1062,2005 1061,2006 1057,2005 1056,2004 1039,2004 1035,2000 1034,2000 1033,1999 1025,1999"/>
                <pc:Baseline points="261,2041 1231,2052"/>
                <pc:TextEquiv conf="0.969260632991791">
                    <pc:Unicode>Karolin alſo 10 fl. 1o Batzen: der Gulden 15</pc:Unicode>
                </pc:TextEquiv>
            </pc:TextLine>
            <pc:TextLine id="OCR-D-BIN-DENOISE-DESKEW_0004_region0004_line0003">
                <pc:AlternativeImage filename="OCR-D-SEG-LINE-RESEG-DEWARP/OCR-D-SEG-LINE-RESEG-DEWARP_0004_OCR-D-BIN-DENOISE-DESKEW_0004_region0004_OCR-D-BIN-DENOISE-DESKEW_0004_region0004_line0003.IMG-DEWARP.png" comments="binarized,despeckled,dewarped"/>
                <pc:Coords points="292,2053 273,2053 270,2056 270,2057 265,2062 265,2064 266,2065 265,2089 266,2090 266,2101 266,2102 274,2110 282,2110 282,2110 331,2111 332,2112 341,2112 342,2111 344,2111 345,2112 345,2113 346,2114 371,2114 371,2113 372,2112 399,2112 400,2113 409,2113 410,2112 411,2112 412,2111 475,2112 476,2111 477,2111 478,2110 483,2110 484,2109 485,2109 487,2108 487,2107 488,2106 489,2072 488,2071 488,2070 486,2067 485,2067 484,2066 474,2066 473,2065 376,2064 375,2063 362,2063 361,2062 360,2062 359,2061 345,2060 344,2059 340,2059 339,2058 335,2058 334,2057 330,2057 329,2056 323,2056 322,2055 315,2055 314,2054 299,2054 298,2053 293,2052"/>
                <pc:Baseline points="266,2099 488,2103"/>
                <pc:TextEquiv conf="0.992295444011688">
                    <pc:Unicode>Batzen.</pc:Unicode>
                </pc:TextEquiv>
            </pc:TextLine>
            <pc:TextEquiv>
                <pc:Unicode>*) Ein aroßer Thaler gilt 2 fl. 1o Batzen; der
Karolin alſo 10 fl. 1o Batzen: der Gulden 15
Batzen.</pc:Unicode>
            </pc:TextEquiv>
        </pc:TextRegion>
    </pc:Page>
</pc:PcGts>
