1318 2366
407 262 690 306 — 21
164 346 1176 439 ,, Bhuͤtis Gott! *) fiel ſie mir laͤchelnd
151 431 1176 513 ins Wort, ,,was wuͤrdet Jhr denken von
151 508 1176 596 mir, wenn ich hier oben blieb, da Jhr hier
151 605 258 679 ſeid.
291 587 1176 669 Das muͤßte ja ein wuͤſcht Maidli )
151 684 268 758 ſeyn.
279 665 1176 750 Nein, ich werde ein wenig mit Euch
151 746 1176 833 noch verweile, wenn Jhr mir erlaubt, und
151 822 1176 911 dann gehe ich nach Haus, und ſende Euch
151 903 1176 992 j'Nachteße ***) herauf; denn der Senn hat
151 985 1176 1073 nichts, als neimis Rauf†), Schlipmilch und
151 1079 565 1152 Schnitzert).'
162 1141 1176 1233 Sie ſprach gern und viel, und ſo traulich,
151 1225 1176 1307 wie ein Kind, und denn doch wieder ſo ver—
151 1294 1176 1391 ſtaͤndig und unterrichtet, wie kaum ein Maͤd—
151 1381 1176 1468 chen ans unſern erſten Zirkeln. Jhr Schwei—
151 1461 1176 1549 zeriſch-Hochdeutſch klang in ihrem kleinen
193 1677 607 1743 ) Gott bewahre.
193 1755 1110 1834 t) Leichtfertiges, unbeſonnenes Maͤdchen.
194 1859 590 1923 **) Abendeſſen.
199 1948 694 2013 ) Etwas Brodrinde.
201 2032 881 2104 t) Buttermilch und Backobſt.
