<?xml version="1.0" encoding="UTF-8"?>
<pc:PcGts xmlns:pc="http://schema.primaresearch.org/PAGE/gts/pagecontent/2019-07-15" xmlns:xsi="http://www.w3.org/2001/XMLSchema-instance" xsi:schemaLocation="http://schema.primaresearch.org/PAGE/gts/pagecontent/2019-07-15 http://schema.primaresearch.org/PAGE/gts/pagecontent/2019-07-15/pagecontent.xsd" pcGtsId="OCR-D-OCR_0007">
    <pc:Metadata>
        <pc:Creator>OCR-D/core 2.71.0</pc:Creator>
        <pc:Created>2025-03-18T15:28:41.639812</pc:Created>
        <pc:LastChange>2025-03-18T15:28:41.639812</pc:LastChange>
        <pc:MetadataItem type="processingStep" name="preprocessing/optimization/binarization" value="ocrd-cis-ocropy-binarize">
            <pc:Labels externalModel="ocrd-tool" externalId="parameters">
                <pc:Label value="ocropy" type="method"/>
                <pc:Label value="0.5" type="threshold"/>
                <pc:Label value="False" type="grayscale"/>
                <pc:Label value="0.0" type="maxskew"/>
                <pc:Label value="0" type="noise_maxsize"/>
                <pc:Label value="0" type="dpi"/>
                <pc:Label value="page" type="level-of-operation"/>
            </pc:Labels>
            <pc:Labels externalModel="ocrd-tool" externalId="version">
                <pc:Label value="0.1.5" type="ocrd-cis-ocropy-binarize"/>
                <pc:Label value="2.71.0" type="ocrd/core"/>
            </pc:Labels>
        </pc:MetadataItem>
        <pc:MetadataItem type="processingStep" name="preprocessing/optimization/cropping" value="ocrd-tesserocr-crop">
            <pc:Labels externalModel="ocrd-tool" externalId="parameters">
                <pc:Label value="0" type="dpi"/>
                <pc:Label value="4" type="padding"/>
            </pc:Labels>
            <pc:Labels externalModel="ocrd-tool" externalId="version">
                <pc:Label value="0.19.1 (tesseract 5.4.1)" type="ocrd-tesserocr-crop"/>
                <pc:Label value="2.71.0" type="ocrd/core"/>
            </pc:Labels>
        </pc:MetadataItem>
        <pc:MetadataItem type="processingStep" name="preprocessing/optimization/binarization" value="ocrd-skimage-binarize">
            <pc:Labels externalModel="ocrd-tool" externalId="parameters">
                <pc:Label value="li" type="method"/>
                <pc:Label value="page" type="level-of-operation"/>
                <pc:Label value="0" type="dpi"/>
                <pc:Label value="301" type="window_size"/>
                <pc:Label value="0.34" type="k"/>
            </pc:Labels>
            <pc:Labels externalModel="ocrd-tool" externalId="version">
                <pc:Label value="0.1.8" type="ocrd-skimage-binarize"/>
                <pc:Label value="2.71.0" type="ocrd/core"/>
            </pc:Labels>
        </pc:MetadataItem>
        <pc:MetadataItem type="processingStep" name="preprocessing/optimization/despeckling" value="ocrd-skimage-denoise">
            <pc:Labels externalModel="ocrd-tool" externalId="parameters">
                <pc:Label value="page" type="level-of-operation"/>
                <pc:Label value="0" type="dpi"/>
                <pc:Label value="0.0" type="protect"/>
                <pc:Label value="1.0" type="maxsize"/>
            </pc:Labels>
            <pc:Labels externalModel="ocrd-tool" externalId="version">
                <pc:Label value="0.1.8" type="ocrd-skimage-denoise"/>
                <pc:Label value="2.71.0" type="ocrd/core"/>
            </pc:Labels>
        </pc:MetadataItem>
        <pc:MetadataItem type="processingStep" name="preprocessing/optimization/deskewing" value="ocrd-tesserocr-deskew">
            <pc:Labels externalModel="ocrd-tool" externalId="parameters">
                <pc:Label value="page" type="operation_level"/>
                <pc:Label value="0" type="dpi"/>
                <pc:Label value="1.5" type="min_orientation_confidence"/>
            </pc:Labels>
            <pc:Labels externalModel="ocrd-tool" externalId="version">
                <pc:Label value="0.19.1 (tesseract 5.4.1)" type="ocrd-tesserocr-deskew"/>
                <pc:Label value="2.71.0" type="ocrd/core"/>
            </pc:Labels>
        </pc:MetadataItem>
        <pc:MetadataItem type="processingStep" name="layout/segmentation/region" value="ocrd-cis-ocropy-segment">
            <pc:Labels externalModel="ocrd-tool" externalId="parameters">
                <pc:Label value="page" type="level-of-operation"/>
                <pc:Label value="0" type="dpi"/>
                <pc:Label value="20" type="maxcolseps"/>
                <pc:Label value="20" type="maxseps"/>
                <pc:Label value="10" type="maximages"/>
                <pc:Label value="4" type="csminheight"/>
                <pc:Label value="10" type="hlminwidth"/>
                <pc:Label value="0.01" type="gap_height"/>
                <pc:Label value="1.5" type="gap_width"/>
                <pc:Label value="True" type="overwrite_order"/>
                <pc:Label value="True" type="overwrite_separators"/>
                <pc:Label value="True" type="overwrite_regions"/>
                <pc:Label value="True" type="overwrite_lines"/>
                <pc:Label value="2.4" type="spread"/>
            </pc:Labels>
            <pc:Labels externalModel="ocrd-tool" externalId="version">
                <pc:Label value="0.1.5" type="ocrd-cis-ocropy-segment"/>
                <pc:Label value="2.71.0" type="ocrd/core"/>
            </pc:Labels>
        </pc:MetadataItem>
        <pc:MetadataItem type="processingStep" name="preprocessing/optimization/dewarping" value="ocrd-cis-ocropy-dewarp">
            <pc:Labels externalModel="ocrd-tool" externalId="parameters">
                <pc:Label value="0" type="dpi"/>
                <pc:Label value="4.0" type="range"/>
                <pc:Label value="1.0" type="smoothness"/>
                <pc:Label value="0.05" type="max_neighbour"/>
            </pc:Labels>
            <pc:Labels externalModel="ocrd-tool" externalId="version">
                <pc:Label value="0.1.5" type="ocrd-cis-ocropy-dewarp"/>
                <pc:Label value="2.71.0" type="ocrd/core"/>
            </pc:Labels>
        </pc:MetadataItem>
        <pc:MetadataItem type="processingStep" name="recognition/text-recognition" value="ocrd-calamari-recognize">
            <pc:Labels externalModel="ocrd-tool" externalId="parameters">
                <pc:Label value="qurator-gt4histocr-1.0" type="checkpoint_dir"/>
                <pc:Label value="confidence_voter_default_ctc" type="voter"/>
                <pc:Label value="line" type="textequiv_level"/>
                <pc:Label value="0.001" type="glyph_conf_cutoff"/>
            </pc:Labels>
            <pc:Labels externalModel="ocrd-tool" externalId="version">
                <pc:Label value="1.0.6 (calamari 1.0.7, tensorflow 2.12.1)" type="ocrd-calamari-recognize"/>
                <pc:Label value="2.71.0" type="ocrd/core"/>
            </pc:Labels>
        </pc:MetadataItem>
    </pc:Metadata>
    <pc:Page imageFilename="GT-PAGE/clauren_mimil_1815_0050.jpg" imageWidth="1318" imageHeight="2366" orientation="0.582675967574374" primaryScript="Latf - Latin (Fraktur variant)" readingDirection="left-to-right" textLineOrder="top-to-bottom">
        <pc:AlternativeImage filename="OCR-D-BIN/OCR-D-BIN_0007.IMG-BIN.png" comments=",binarized"/>
        <pc:AlternativeImage filename="OCR-D-CROP/OCR-D-CROP_0007.IMG-CROP.png" comments=",binarized,cropped"/>
        <pc:AlternativeImage filename="OCR-D-BIN2/OCR-D-BIN2_0007.IMG-BIN.png" comments=",cropped,binarized"/>
        <pc:AlternativeImage filename="OCR-D-BIN-DENOISE/OCR-D-BIN-DENOISE_0007.IMG-DEN.png" comments=",cropped,binarized,despeckled"/>
        <pc:AlternativeImage filename="OCR-D-BIN-DENOISE-DESKEW/OCR-D-BIN-DENOISE-DESKEW_0007.IMG-DESKEW.png" comments=",cropped,binarized,despeckled,deskewed"/>
        <pc:AlternativeImage filename="OCR-D-SEG/OCR-D-SEG_0007.IMG-CLIP.png" comments=",cropped,binarized,despeckled,deskewed,clipped"/>
        <pc:Border>
            <pc:Coords points="171,252 1213,252 1213,2089 171,2089"/>
        </pc:Border>
        <pc:ReadingOrder>
            <pc:OrderedGroup id="reading-order">
                <pc:RegionRefIndexed index="0" regionRef="OCR-D-BIN-DENOISE-DESKEW_0007_region0001"/>
                <pc:RegionRefIndexed index="1" regionRef="OCR-D-BIN-DENOISE-DESKEW_0007_region0002"/>
                <pc:RegionRefIndexed index="2" regionRef="OCR-D-BIN-DENOISE-DESKEW_0007_region0003"/>
            </pc:OrderedGroup>
        </pc:ReadingOrder>
        <pc:TextRegion id="OCR-D-BIN-DENOISE-DESKEW_0007_region0001">
            <pc:Coords points="571,252 570,253 546,253 545,254 520,254 519,255 495,256 494,257 470,257 469,258 445,258 444,259 420,259 419,260 406,261 402,265 403,291 407,295 414,295 415,296 428,295 429,296 442,296 443,297 456,297 457,298 470,298 471,299 484,299 485,300 498,300 499,301 512,301 513,302 526,301 527,302 540,302 541,303 554,303 555,304 568,304 569,305 582,305 583,306 596,306 597,307 610,307 611,308 624,307 625,308 638,308 639,309 652,309 653,310 680,310 681,309 700,309 701,308 720,307 721,306 740,306 741,305 760,305 761,304 780,304 781,303 800,303 801,302 819,301 820,300 839,300 840,299 859,299 860,298 879,298 880,297 899,297 900,296 919,295 920,294 939,294 940,293 950,293 954,289 953,263 949,259 939,259 938,258 919,258 918,257 899,258 898,257 879,257 878,256 859,256 858,255 839,255 838,254 819,254 818,253 799,254 798,253 779,253 778,252 759,252 595,252"/>
            <pc:TextLine id="OCR-D-BIN-DENOISE-DESKEW_0007_region0001_line0001">
                <pc:AlternativeImage filename="OCR-D-SEG-LINE-RESEG-DEWARP/OCR-D-SEG-LINE-RESEG-DEWARP_0007_OCR-D-BIN-DENOISE-DESKEW_0007_region0001_OCR-D-BIN-DENOISE-DESKEW_0007_region0001_line0001.IMG-DEWARP.png" comments="binarized,despeckled,dewarped"/>
                <pc:Coords points="650,254 607,255 606,256 595,256 594,257 589,257 588,258 584,258 583,259 407,261 406,262 405,262 403,264 403,265 402,266 402,278 403,290 404,291 404,292 406,294 407,294 408,295 500,294 501,295 583,294 584,295 584,299 585,300 585,301 588,304 589,304 590,305 653,304 658,309 659,309 660,310 671,310 672,309 673,309 678,304 686,304 687,303 700,303 701,302 711,302 712,301 721,300 722,299 732,299 733,298 745,298 746,297 759,297 760,296 765,296 766,295 767,295 768,294 769,295 940,293 940,293 949,293 950,292 951,292 953,290 953,289 954,288 954,276 953,264 952,263 952,262 950,260 949,260 948,259 830,260 829,259 789,260 788,259 783,259 782,258 780,258 779,257 778,257 777,256 775,256 774,255 771,255 770,254 763,254 762,253 674,254 672,252 652,252"/>
                <pc:Baseline points="403,286 571,285 617,295 954,285"/>
                <pc:TextEquiv conf="0.934520244598389">
                    <pc:Unicode>— 10 —</pc:Unicode>
                </pc:TextEquiv>
            </pc:TextLine>
            <pc:TextEquiv>
                <pc:Unicode>— 10 —</pc:Unicode>
            </pc:TextEquiv>
        </pc:TextRegion>
        <pc:TextRegion id="OCR-D-BIN-DENOISE-DESKEW_0007_region0002">
            <pc:Coords points="389,349 370,349 369,350 349,350 348,351 329,351 328,352 308,353 307,354 288,354 287,355 267,355 266,356 247,356 246,357 233,357 232,358 227,358 226,359 220,360 219,361 214,361 213,362 207,362 206,363 200,363 199,364 194,364 193,365 187,365 186,366 181,366 180,367 177,367 176,368 175,368 173,371 172,371 171,372 171,1483 171,1541 172,1542 173,1594 174,1595 174,1646 176,1647 176,1676 177,1677 177,1680 179,1682 180,1682 183,1685 184,1685 186,1687 187,1687 188,1688 192,1688 193,1689 201,1689 202,1690 210,1690 211,1691 219,1691 220,1692 228,1691 229,1692 237,1692 238,1693 246,1693 247,1694 255,1694 256,1695 264,1695 265,1696 273,1696 274,1697 380,1696 381,1697 586,1695 587,1696 792,1694 793,1695 997,1693 998,1692 1100,1691 1101,1690 1120,1689 1121,1688 1139,1688 1140,1687 1158,1687 1159,1686 1178,1686 1179,1685 1196,1685 1197,1684 1212,1683 1213,1682 1213,364 1212,364 1211,363 1207,363 1205,362 1201,363 1200,362 1197,362 1196,361 1192,361 1191,360 1187,360 1186,359 1182,359 1181,358 1177,358 1176,357 1173,357 1172,356 1168,356 1167,355 1163,355 1162,354 1146,354 1145,353 1118,353 1117,352 1090,353 1089,352 1062,352 1061,351 1034,351 1033,350 986,351 985,350 918,350 917,349 851,350 850,349 783,350 782,349 716,349 715,348 648,349 647,348 580,349 579,348 513,349 512,348 445,348 444,347 390,348"/>
            <pc:TextLine id="OCR-D-BIN-DENOISE-DESKEW_0007_region0002_line0001">
                <pc:AlternativeImage filename="OCR-D-SEG-LINE-RESEG-DEWARP/OCR-D-SEG-LINE-RESEG-DEWARP_0007_OCR-D-BIN-DENOISE-DESKEW_0007_region0002_OCR-D-BIN-DENOISE-DESKEW_0007_region0002_line0001.IMG-DEWARP.png" comments="binarized,despeckled,dewarped"/>
                <pc:Coords points="399,349 398,349 397,350 380,350 379,351 366,351 365,352 359,352 358,353 354,353 353,354 350,354 349,355 348,355 347,356 345,356 344,357 343,357 342,358 337,358 336,359 335,359 331,363 327,363 326,364 322,364 321,363 310,364 309,363 296,363 292,359 291,359 290,358 280,358 279,359 278,359 277,360 276,360 274,362 250,362 246,358 245,358 244,357 236,357 235,358 233,358 232,359 231,359 227,363 225,363 224,364 211,365 210,366 196,366 195,367 180,367 177,367 175,370 174,370 173,371 172,372 171,372 171,419 204,419 205,418 207,418 208,419 216,419 217,418 338,416 339,417 355,417 356,418 372,418 373,419 373,420 375,422 376,422 377,423 388,423 389,422 390,422 394,418 415,418 417,420 417,421 419,422 420,422 421,423 429,423 430,422 431,422 432,421 433,421 436,418 437,418 438,417 458,417 459,418 459,421 460,422 460,423 461,424 461,425 463,427 464,427 465,428 475,428 476,427 477,427 480,424 480,423 481,422 481,418 482,417 537,416 538,417 549,417 550,416 669,415 671,417 671,418 675,422 676,422 677,423 689,423 690,422 694,422 695,421 696,421 698,419 698,418 701,415 775,414 776,415 785,415 786,414 794,414 795,415 830,414 831,415 908,415 909,416 916,415 918,417 918,420 919,421 919,422 921,424 922,424 923,425 932,425 933,424 934,424 937,421 937,420 938,419 938,417 939,416 950,416 951,417 951,418 952,419 952,420 954,422 955,422 956,423 965,423 966,422 967,422 968,421 969,421 974,416 994,416 995,417 995,418 996,419 996,420 999,423 1000,423 1001,424 1010,423 1011,422 1012,422 1015,419 1015,418 1017,416 1055,416 1056,417 1174,416 1175,417 1183,417 1184,416 1213,415 1213,364 1180,365 1179,366 1171,366 1170,365 1169,360 1168,359 1168,358 1166,356 1165,356 1164,355 1163,355 1161,355 1160,354 1146,354 1140,354 1139,355 1138,355 1135,358 1135,359 1134,360 1134,363 1134,364 1132,363 1129,363 1127,361 1127,360 1124,357 1123,357 1122,356 1111,356 1110,357 1109,357 1108,358 1107,357 1106,357 1105,357 1103,357 1102,356 1087,356 1086,357 1085,357 1079,363 1044,363 1044,364 1041,364 1039,363 1032,363 1031,362 1031,358 1030,357 1030,356 1027,353 1026,353 1025,352 1022,352 1021,351 1020,351 1019,350 1010,350 1009,351 1008,351 1007,352 1006,353 1005,354 1004,354 1003,355 1002,355 997,360 997,361 995,363 977,363 976,362 976,357 975,356 975,355 973,353 972,353 971,352 955,352 954,353 953,353 952,354 951,354 950,355 948,355 947,356 946,356 945,357 940,352 939,352 938,351 928,351 927,352 926,352 925,353 924,353 921,356 921,357 919,359 919,360 917,362 913,362 912,361 906,362 905,361 901,361 900,360 898,360 897,359 896,359 895,358 893,358 892,357 889,357 888,356 881,356 880,355 877,355 876,354 875,354 874,353 873,353 872,352 864,352 863,353 859,353 858,354 852,354 851,355 841,355 840,356 832,356 831,357 828,357 827,358 825,358 824,359 821,359 820,360 816,360 815,361 800,362 799,361 787,361 786,360 786,359 783,356 782,356 781,355 771,355 770,356 769,356 768,357 767,357 763,361 740,361 739,362 723,362 722,363 687,364 686,365 656,365 655,364 635,364 634,363 626,363 625,362 625,357 624,356 624,355 622,353 621,353 620,352 610,353 609,354 608,354 607,355 606,355 605,356 602,356 601,357 600,357 597,360 597,361 596,362 594,362 593,361 590,361 589,360 586,360 585,359 583,359 582,358 579,358 578,357 574,357 573,356 567,356 566,355 546,355 545,354 509,355 508,356 491,356 490,355 489,355 488,354 470,354 469,355 468,355 463,360 462,359 462,356 461,355 461,354 459,352 458,352 457,351 451,351 450,350 437,350 436,349 414,350 413,349 412,349 411,348 400,348"/>
                <pc:Baseline points="163,409 1214,405"/>
                <pc:TextEquiv conf="0.998871326446533">
                    <pc:Unicode>und das ſuͤßeſte Verlangen der keuſcheſten Liebe</pc:Unicode>
                </pc:TextEquiv>
            </pc:TextLine>
            <pc:TextLine id="OCR-D-BIN-DENOISE-DESKEW_0007_region0002_line0002">
                <pc:AlternativeImage filename="OCR-D-SEG-LINE-RESEG-DEWARP/OCR-D-SEG-LINE-RESEG-DEWARP_0007_OCR-D-BIN-DENOISE-DESKEW_0007_region0002_OCR-D-BIN-DENOISE-DESKEW_0007_region0002_line0002.IMG-DEWARP.png" comments="binarized,despeckled,dewarped"/>
                <pc:Coords points="180,437 179,437 178,438 177,438 174,441 174,442 173,443 171,443 171,500 172,500 173,501 173,502 174,503 174,504 177,507 178,507 179,508 187,508 188,507 189,507 190,506 191,506 193,504 193,503 194,502 194,500 195,499 210,499 211,498 248,497 249,498 258,498 259,497 447,495 448,496 640,494 641,495 672,495 673,496 673,497 674,498 674,499 677,502 678,502 679,503 688,503 689,502 690,502 691,501 692,501 698,495 802,494 803,495 846,494 847,495 855,495 856,494 875,494 876,495 904,495 905,496 924,495 925,496 969,496 970,497 1002,497 1004,499 1004,500 1005,501 1005,502 1007,504 1008,504 1009,504 1020,504 1021,503 1022,503 1024,501 1024,500 1025,499 1025,498 1027,496 1044,496 1046,494 1047,494 1050,491 1051,491 1053,489 1054,489 1055,488 1056,488 1058,486 1058,483 1060,481 1069,481 1070,482 1070,484 1071,485 1071,487 1073,489 1074,489 1076,491 1077,491 1080,494 1081,494 1083,496 1098,496 1099,497 1099,499 1100,500 1100,501 1102,503 1103,503 1104,504 1105,504 1106,505 1114,504 1115,503 1116,503 1117,502 1118,502 1120,500 1120,499 1123,496 1150,496 1151,497 1159,497 1160,496 1201,496 1202,495 1213,494 1213,436 1191,437 1190,438 1170,438 1169,439 1165,439 1164,440 1157,440 1156,441 1149,441 1148,442 1139,442 1138,443 1122,443 1121,442 1121,438 1120,437 1120,436 1117,433 1116,433 1115,432 1105,433 1104,434 1102,434 1101,435 1100,435 1098,437 1086,437 1085,438 1084,438 1078,444 1035,444 1034,443 1034,439 1033,438 1033,437 1030,434 1029,434 1028,433 1012,433 1011,434 1010,434 1007,438 1006,438 1005,437 1005,436 1003,434 1002,434 1001,433 999,433 998,432 994,432 993,431 985,431 984,430 901,431 900,432 896,432 895,433 894,433 893,434 892,434 891,435 890,435 884,441 883,441 882,442 877,442 876,443 849,443 848,444 841,444 840,443 839,443 838,442 828,442 827,443 826,443 825,442 817,442 816,443 807,444 806,443 796,443 795,442 795,438 794,437 794,436 790,432 789,432 788,431 780,431 779,432 778,432 777,433 776,433 775,434 774,434 773,435 772,435 769,432 768,432 767,431 754,431 753,432 751,432 750,433 749,433 748,434 747,434 746,435 745,435 742,438 742,439 741,440 741,441 740,442 717,442 716,441 702,442 701,441 699,441 698,440 698,437 697,436 697,435 694,432 693,432 692,431 679,431 678,432 677,432 676,433 675,433 673,435 671,435 670,436 669,436 666,439 666,440 665,441 664,440 664,439 663,438 663,437 660,434 659,434 658,433 649,433 648,434 647,434 646,435 632,435 631,436 630,436 627,439 627,440 626,441 626,442 625,443 615,443 614,445 597,445 596,444 595,444 594,443 585,443 584,444 533,444 532,443 515,444 514,443 502,443 501,442 494,442 492,440 491,440 490,439 489,439 488,438 479,438 478,439 477,439 476,440 475,440 473,442 442,442 441,443 434,443 433,444 425,444 424,445 411,446 410,447 406,447 405,446 405,445 404,444 404,443 401,440 400,440 399,439 390,439 389,440 388,440 384,444 384,445 383,446 376,446 375,445 364,445 363,444 345,444 344,443 330,443 329,442 320,442 319,442 316,442 315,441 305,441 304,440 303,440 302,439 302,438 300,436 299,436 298,435 288,435 287,436 286,436 284,438 282,438 281,439 270,439 269,438 268,438 267,437 266,437 265,436 254,436 253,437 244,437 243,438 242,438 240,440 238,440 237,441 232,441 231,442 227,442 226,443 220,444 219,445 210,445 209,446 203,446 202,445 202,442 201,441 201,440 198,437 197,437 196,436 181,436"/>
                <pc:Baseline points="155,489 1058,485 1071,485 1215,484"/>
                <pc:TextEquiv conf="0.997502207756042">
                    <pc:Unicode>funkelte in der veilchenblauen Tiefe ihres</pc:Unicode>
                </pc:TextEquiv>
            </pc:TextLine>
            <pc:TextLine id="OCR-D-BIN-DENOISE-DESKEW_0007_region0002_line0003">
                <pc:AlternativeImage filename="OCR-D-SEG-LINE-RESEG-DEWARP/OCR-D-SEG-LINE-RESEG-DEWARP_0007_OCR-D-BIN-DENOISE-DESKEW_0007_region0002_OCR-D-BIN-DENOISE-DESKEW_0007_region0002_line0003.IMG-DEWARP.png" comments="binarized,despeckled,dewarped"/>
                <pc:Coords points="211,515 210,515 208,517 207,517 206,518 205,517 198,517 197,516 182,516 181,517 171,517 171,581 174,584 174,586 175,587 175,588 176,589 177,589 178,590 187,590 188,589 189,589 193,585 193,584 196,581 199,581 200,580 203,580 205,582 205,583 208,586 209,586 210,587 221,587 222,586 223,585 230,578 233,578 234,577 316,577 317,578 317,580 318,581 318,582 320,584 321,583 322,584 330,584 331,583 332,583 333,582 334,582 338,578 338,577 339,576 448,575 449,576 474,576 475,577 497,577 498,578 549,577 550,576 572,576 573,575 609,575 610,574 642,573 643,574 653,574 654,573 721,572 722,571 723,571 725,569 725,568 726,567 725,560 726,559 732,559 733,558 734,558 736,556 736,555 737,554 737,520 736,519 736,518 734,516 733,516 732,515 687,516 686,517 668,517 667,518 661,518 660,517 646,517 645,518 644,518 643,519 642,519 641,520 630,520 629,521 625,521 624,520 624,519 623,518 623,517 620,514 619,514 618,513 617,513 616,512 604,513 603,514 596,514 595,515 594,515 592,517 589,517 588,516 582,516 581,515 570,515 569,514 491,515 490,516 484,516 483,517 480,517 479,518 477,518 476,519 475,519 474,520 473,520 472,521 471,521 470,522 468,522 467,523 464,523 463,524 445,524 444,523 427,523 425,521 425,520 423,518 422,518 421,517 410,518 409,519 408,519 407,520 406,520 402,524 365,524 362,521 361,521 360,520 351,520 350,521 349,521 346,524 340,524 339,523 339,520 338,519 338,518 335,515 334,515 333,514 321,514 320,515 319,516 318,517 317,517 316,518 314,518 313,519 312,519 310,521 310,522 309,523 309,524 308,525 286,525 285,526 261,526 260,525 241,525 240,524 232,524 231,523 231,521 230,520 230,519 226,515 225,515 224,514 223,514 222,513 212,514"/>
                <pc:Baseline points="161,571 725,561"/>
                <pc:TextEquiv conf="0.998331606388092">
                    <pc:Unicode>ſchmachtenden Blickes.</pc:Unicode>
                </pc:TextEquiv>
            </pc:TextLine>
            <pc:TextLine id="OCR-D-BIN-DENOISE-DESKEW_0007_region0002_line0004">
                <pc:AlternativeImage filename="OCR-D-SEG-LINE-RESEG-DEWARP/OCR-D-SEG-LINE-RESEG-DEWARP_0007_OCR-D-BIN-DENOISE-DESKEW_0007_region0002_OCR-D-BIN-DENOISE-DESKEW_0007_region0002_line0004.IMG-DEWARP.png" comments="binarized,despeckled,dewarped"/>
                <pc:Coords points="306,596 305,596 304,597 277,597 276,598 275,598 273,600 273,601 272,602 272,618 271,619 230,619 229,620 191,621 190,622 189,622 186,625 186,626 185,627 185,661 186,662 186,663 189,665 190,665 191,666 243,665 244,664 256,664 257,665 266,665 267,664 269,664 270,663 271,663 272,664 273,664 274,665 283,665 284,664 285,664 286,662 291,662 292,661 298,661 299,660 306,660 307,659 315,659 316,658 332,657 333,656 338,656 339,657 349,657 350,658 350,659 355,663 356,663 357,664 365,664 366,663 367,663 369,660 369,659 371,657 402,657 403,656 429,655 430,654 488,654 489,655 501,655 502,656 507,656 510,659 510,660 513,662 514,662 515,663 516,663 517,664 526,663 527,662 529,662 530,661 532,661 532,660 533,660 538,655 558,655 559,656 559,657 561,659 562,659 563,660 572,660 573,659 574,659 578,655 584,655 585,654 619,653 621,655 621,656 623,658 624,658 625,659 634,659 635,658 636,658 641,653 648,653 649,652 660,652 661,651 664,651 665,650 666,650 667,649 668,649 672,645 672,644 675,641 676,642 676,649 677,650 677,651 680,654 681,654 682,655 709,655 710,656 710,658 711,659 711,660 715,662 716,662 717,663 726,663 727,662 728,662 731,658 731,657 732,656 732,655 733,654 744,654 745,655 751,655 754,658 755,658 757,660 758,660 760,661 763,661 764,662 774,662 775,661 777,661 777,660 778,660 779,659 780,659 784,655 834,654 835,655 835,656 836,657 836,658 840,661 841,661 842,662 852,662 853,661 854,661 855,659 855,658 856,657 856,655 857,654 909,654 910,655 981,654 982,655 1013,654 1014,655 1021,655 1023,657 1023,658 1026,660 1027,660 1028,661 1029,661 1030,662 1031,662 1032,663 1040,663 1041,662 1042,662 1044,660 1044,659 1044,658 1047,660 1048,660 1049,661 1058,661 1059,660 1060,660 1061,659 1062,659 1063,657 1063,656 1064,655 1123,654 1124,655 1135,655 1136,656 1145,656 1146,655 1147,655 1148,656 1159,656 1160,657 1161,659 1162,660 1162,661 1165,664 1166,664 1167,665 1178,665 1179,664 1180,664 1181,663 1182,663 1184,661 1184,660 1187,656 1213,655 1213,602 1212,601 1191,602 1190,601 1190,599 1189,598 1189,597 1187,595 1186,595 1185,594 1184,594 1183,593 1182,593 1181,592 1171,592 1170,593 1167,593 1166,594 1165,594 1164,595 1160,595 1159,596 1158,596 1156,598 1156,599 1155,600 1155,602 1154,603 1129,603 1128,604 1120,604 1119,603 1108,603 1107,603 1098,603 1097,604 1096,604 1095,605 1089,605 1088,606 1087,606 1086,607 1085,607 1084,608 1080,608 1079,609 1076,609 1075,608 1071,608 1070,607 1069,607 1068,606 1067,606 1065,604 1062,604 1061,603 1056,603 1055,602 1051,602 1050,601 1050,599 1049,598 1049,597 1046,594 1045,594 1044,593 1043,593 1042,592 1039,592 1038,591 1028,591 1027,592 1026,592 1025,593 1021,593 1020,594 1019,594 1015,598 1012,598 1009,595 1008,596 1007,595 1001,595 998,592 997,592 996,591 987,591 986,592 985,592 984,593 983,593 982,594 977,594 976,595 975,595 973,597 973,598 972,599 969,596 968,596 967,595 956,595 955,596 954,596 951,599 950,599 949,600 938,600 937,601 923,601 922,602 896,603 895,604 887,604 886,603 877,603 876,604 875,604 874,603 874,597 873,596 873,595 871,593 870,593 869,592 846,592 845,593 844,593 842,595 841,595 839,597 839,598 838,599 838,600 836,602 805,603 804,602 804,601 801,598 800,598 799,597 790,597 789,598 788,598 783,603 757,603 756,604 750,604 749,603 743,603 742,602 742,596 741,595 741,594 739,592 738,592 737,591 732,591 731,590 722,590 721,591 720,591 719,592 718,592 715,595 674,596 673,597 672,597 671,598 670,597 669,597 668,596 659,596 658,597 657,597 655,599 649,599 648,600 639,600 638,601 630,601 629,602 616,602 615,604 611,604 610,603 579,603 578,602 578,598 577,597 577,596 575,594 574,594 573,593 561,593 560,594 559,594 558,595 557,595 556,596 554,596 553,597 552,597 550,599 550,600 549,601 549,602 548,603 521,603 520,602 497,603 493,599 492,599 491,598 477,598 476,599 475,599 471,603 458,603 457,604 427,604 426,603 409,604 408,603 397,603 395,601 394,601 393,600 385,600 384,601 383,601 381,599 381,598 378,595 377,595 376,594 360,594 359,595 358,595 356,597 355,597 352,600 346,600 345,599 338,599 337,598 330,598 329,597 325,597 324,596 323,596 322,595 320,596 319,595 307,595"/>
                <pc:Baseline points="185,655 680,638 722,645 1216,646"/>
                <pc:TextEquiv conf="0.994534552097321">
                    <pc:Unicode>,, Laßt uns gehen,'' ſagte ſie endlich, nach</pc:Unicode>
                </pc:TextEquiv>
            </pc:TextLine>
            <pc:TextLine id="OCR-D-BIN-DENOISE-DESKEW_0007_region0002_line0005">
                <pc:AlternativeImage filename="OCR-D-SEG-LINE-RESEG-DEWARP/OCR-D-SEG-LINE-RESEG-DEWARP_0007_OCR-D-BIN-DENOISE-DESKEW_0007_region0002_OCR-D-BIN-DENOISE-DESKEW_0007_region0002_line0005.IMG-DEWARP.png" comments="binarized,despeckled,dewarped"/>
                <pc:Coords points="361,672 360,672 359,673 358,673 353,678 353,679 352,680 352,681 350,683 335,683 334,684 332,684 331,683 331,682 330,681 330,680 327,677 326,677 325,676 318,677 315,674 314,674 313,673 303,673 302,674 301,674 300,675 299,675 297,677 296,677 295,678 294,678 292,680 292,681 291,682 291,683 290,684 289,684 288,683 288,681 287,680 287,679 286,678 286,677 284,675 283,675 282,674 281,674 280,673 269,673 268,674 267,674 266,675 265,675 260,680 260,681 259,682 259,683 258,684 237,684 236,683 220,684 219,683 209,683 208,682 199,682 198,681 195,681 193,679 192,679 191,678 179,678 178,679 177,679 174,682 173,682 172,683 171,683 171,736 182,736 183,737 193,737 194,736 205,736 206,737 256,736 257,737 257,740 258,741 258,742 260,744 261,744 262,745 272,745 273,744 274,744 277,741 277,740 278,739 278,737 279,736 321,735 322,736 322,737 325,740 326,740 327,741 334,741 335,742 345,742 346,741 347,741 350,738 353,741 354,741 355,742 364,742 365,741 366,741 368,739 368,738 370,736 373,736 374,735 400,735 401,734 410,734 411,735 423,734 424,735 441,735 442,736 452,736 453,737 453,741 454,742 454,743 456,745 457,745 458,746 459,746 460,747 468,747 469,746 470,746 473,743 473,742 474,741 474,740 475,739 475,737 476,736 485,736 486,735 514,735 515,734 526,733 527,734 537,734 539,736 539,738 540,739 540,740 542,742 543,742 544,743 554,743 555,742 556,742 559,739 559,738 560,737 560,735 561,734 603,734 604,733 657,732 658,733 725,732 726,733 745,733 746,734 819,733 820,732 835,732 836,733 869,733 870,734 895,734 897,736 897,737 900,740 901,740 902,741 910,741 911,739 912,739 915,736 915,735 916,734 984,734 985,733 1005,733 1006,734 1043,733 1044,734 1053,734 1054,733 1055,733 1056,734 1065,734 1066,733 1144,732 1145,733 1146,733 1147,734 1156,734 1157,733 1158,733 1159,732 1164,732 1165,733 1175,733 1176,732 1183,732 1184,731 1205,731 1206,729 1213,729 1213,685 1202,686 1201,685 1185,685 1184,684 1183,684 1182,683 1182,680 1181,679 1181,678 1179,676 1178,676 1177,675 1165,675 1164,676 1163,676 1160,679 1160,680 1158,682 1151,682 1150,681 1141,681 1140,680 1124,680 1121,677 1120,677 1119,676 1118,676 1117,675 1104,676 1103,677 1102,677 1098,681 1082,681 1081,682 1062,682 1061,683 1007,684 1006,683 1006,682 1005,681 1005,680 1002,677 1001,677 1000,676 990,676 989,677 988,677 985,680 985,681 984,682 984,683 983,684 975,684 974,683 962,683 961,682 950,682 949,683 948,683 947,682 938,682 937,681 911,681 908,679 907,679 905,677 904,677 903,676 891,676 890,677 889,677 888,678 887,678 885,680 885,681 884,682 845,682 844,681 835,681 834,680 832,680 831,679 831,677 830,676 830,675 826,671 825,671 824,670 814,670 813,671 812,672 811,673 809,673 808,674 807,674 804,677 796,677 795,676 789,676 788,675 787,675 786,674 769,674 768,675 767,675 766,676 747,676 746,677 745,676 744,676 743,675 733,675 732,676 731,676 730,677 729,677 728,678 724,678 723,679 716,679 715,680 707,681 706,682 693,682 692,683 681,683 680,682 680,681 679,680 679,679 677,677 676,677 675,676 664,676 663,677 662,677 659,680 659,681 657,683 638,683 637,682 571,683 570,682 570,677 569,676 569,675 567,673 566,673 565,672 561,672 560,671 551,671 550,672 549,672 544,677 544,678 543,679 543,680 542,681 542,682 541,683 538,683 537,682 525,682 524,681 520,681 519,680 516,681 515,680 513,680 512,679 510,679 509,678 507,678 506,677 503,677 502,676 498,676 497,675 485,675 484,674 474,674 473,675 469,675 468,674 467,674 466,673 456,673 455,674 453,674 452,675 432,675 431,676 427,676 426,677 423,677 422,678 419,679 418,680 415,680 414,681 410,681 409,682 401,682 400,683 386,683 385,682 385,677 384,676 384,675 382,673 381,673 380,672 374,672 373,671 362,671"/>
                <pc:Baseline points="161,727 1217,720"/>
                <pc:TextEquiv conf="0.991910934448242">
                    <pc:Unicode>der ſeligſten Pauſe meines Lebens, wie aus ei—</pc:Unicode>
                </pc:TextEquiv>
            </pc:TextLine>
            <pc:TextLine id="OCR-D-BIN-DENOISE-DESKEW_0007_region0002_line0006">
                <pc:AlternativeImage filename="OCR-D-SEG-LINE-RESEG-DEWARP/OCR-D-SEG-LINE-RESEG-DEWARP_0007_OCR-D-BIN-DENOISE-DESKEW_0007_region0002_OCR-D-BIN-DENOISE-DESKEW_0007_region0002_line0006.IMG-DEWARP.png" comments="binarized,despeckled,dewarped"/>
                <pc:Coords points="266,751 257,751 256,752 253,752 252,753 251,753 250,754 249,754 246,757 246,758 245,759 245,760 244,762 242,762 241,763 213,764 212,765 173,765 171,767 171,813 173,815 180,815 181,816 190,816 191,815 237,814 238,815 265,815 266,816 353,815 354,814 469,813 470,814 543,813 544,814 577,814 578,815 578,816 579,817 579,818 582,821 583,821 584,822 595,822 596,821 597,821 603,815 631,814 632,815 643,815 644,814 685,814 686,813 716,812 717,811 737,811 738,812 747,812 748,811 752,811 753,812 779,812 780,813 803,813 804,814 804,816 805,817 805,818 807,820 808,820 809,821 820,820 821,819 822,819 824,817 824,816 827,813 839,813 840,814 840,815 841,816 841,817 845,821 846,821 847,822 855,822 856,821 857,821 860,818 860,817 861,816 861,814 862,813 933,812 934,813 959,813 960,814 960,817 961,818 961,819 963,821 964,821 965,822 975,822 976,821 977,821 980,818 980,817 981,816 981,815 982,814 995,814 996,815 996,816 998,818 999,818 1000,819 1010,818 1011,817 1012,817 1016,813 1096,813 1097,814 1097,815 1098,816 1098,817 1101,820 1102,820 1103,821 1111,820 1112,819 1113,819 1114,818 1115,818 1121,812 1153,812 1154,813 1162,813 1163,812 1173,812 1174,813 1184,813 1185,812 1213,811 1213,758 1187,759 1186,758 1186,757 1182,754 1181,754 1180,753 1168,753 1167,754 1166,754 1165,755 1164,755 1163,757 1163,758 1162,759 1159,759 1158,760 1141,760 1140,761 1122,761 1121,762 1099,763 1098,762 1098,761 1097,760 1097,759 1093,756 1092,756 1091,755 1080,755 1079,756 1078,756 1076,759 1076,760 1075,761 1075,762 1074,763 1068,763 1067,762 1050,762 1049,761 1038,761 1037,760 1029,760 1028,759 1021,759 1020,758 1015,758 1012,756 1012,755 1009,752 1008,753 1007,752 1005,752 1004,751 996,751 995,752 992,752 991,753 990,753 989,754 988,754 987,753 986,753 985,752 984,752 983,751 981,751 980,750 970,750 969,751 968,751 963,756 945,756 944,757 943,757 941,755 940,755 939,754 928,754 927,755 926,755 925,756 924,756 922,759 908,760 907,761 893,761 892,760 885,760 884,759 880,759 878,758 876,758 875,757 875,756 874,755 874,754 871,751 870,751 869,750 864,750 863,749 852,749 851,750 850,750 849,751 848,751 843,756 828,756 827,755 827,754 824,751 823,751 822,750 809,751 808,752 807,752 806,753 802,753 801,754 800,754 797,757 797,758 797,759 796,759 794,758 793,758 790,755 789,755 788,754 785,754 784,753 781,753 780,752 758,752 757,751 756,751 755,750 753,750 751,748 750,748 749,747 741,747 740,748 739,748 738,749 737,749 734,752 728,752 727,753 721,753 720,754 717,754 716,755 714,755 713,757 710,757 709,758 707,758 706,759 702,759 702,760 696,760 695,761 687,761 686,762 670,762 669,761 663,761 662,760 654,760 653,759 638,759 636,758 604,759 603,758 603,757 602,756 602,755 599,752 598,752 597,751 594,751 593,750 584,750 583,751 582,751 581,752 580,752 579,753 577,753 576,754 575,754 572,757 572,758 571,760 561,760 560,761 551,761 550,762 444,763 443,762 370,763 369,764 348,764 347,763 346,758 345,757 345,756 342,753 341,753 340,752 339,752 338,751 334,751 333,750 323,750 322,749 267,750"/>
                <pc:Baseline points="165,805 1218,800"/>
                <pc:TextEquiv conf="0.990447044372559">
                    <pc:Unicode>nem Traume erwacht; und ich ſtand ſchweigend</pc:Unicode>
                </pc:TextEquiv>
            </pc:TextLine>
            <pc:TextLine id="OCR-D-BIN-DENOISE-DESKEW_0007_region0002_line0007">
                <pc:AlternativeImage filename="OCR-D-SEG-LINE-RESEG-DEWARP/OCR-D-SEG-LINE-RESEG-DEWARP_0007_OCR-D-BIN-DENOISE-DESKEW_0007_region0002_OCR-D-BIN-DENOISE-DESKEW_0007_region0002_line0007.IMG-DEWARP.png" comments="binarized,despeckled,dewarped"/>
                <pc:Coords points="238,833 237,833 233,837 233,838 230,841 229,841 228,842 214,843 213,844 185,844 184,845 174,845 171,848 171,892 173,894 174,894 175,895 216,895 217,896 231,895 235,899 236,899 237,900 238,900 239,901 247,901 248,900 249,900 251,898 251,897 252,896 257,896 258,897 259,897 260,898 270,898 271,897 272,897 273,896 292,896 293,895 311,895 312,894 405,893 406,894 431,893 433,895 433,896 435,898 436,898 437,899 441,899 442,900 450,900 451,899 452,899 453,898 454,898 456,896 457,896 460,893 467,893 468,894 489,894 490,895 495,895 500,900 501,900 502,901 503,901 504,902 516,902 517,901 519,900 520,899 521,899 525,895 550,895 551,894 567,894 568,893 655,892 656,893 656,896 657,897 657,898 659,900 660,900 661,901 671,901 672,900 673,900 676,897 676,896 677,895 677,894 679,892 776,891 777,892 873,891 874,892 1009,891 1010,892 1037,891 1038,892 1073,892 1074,893 1074,894 1075,895 1075,897 1076,898 1076,899 1078,901 1079,901 1080,902 1090,902 1091,901 1092,901 1095,898 1095,897 1096,896 1096,893 1097,892 1170,891 1171,892 1180,892 1181,891 1213,890 1213,840 1210,840 1209,839 1177,840 1176,839 1166,839 1165,838 1160,838 1159,837 1156,837 1155,836 1153,836 1149,832 1148,832 1147,831 1140,831 1139,830 1138,830 1137,829 1129,829 1128,830 1127,830 1126,831 1125,831 1124,832 1120,832 1119,833 1107,834 1106,833 1105,833 1104,832 1100,832 1099,831 1098,831 1097,830 1086,830 1085,831 1084,831 1083,832 1082,832 1080,834 1079,834 1077,836 1077,837 1075,839 1074,839 1073,840 1062,840 1061,841 1042,841 1039,838 1039,837 1037,835 1036,835 1035,834 1024,834 1023,835 1022,835 1018,839 1014,839 1012,837 1012,836 1010,834 1009,835 1008,834 996,834 995,835 994,835 993,836 992,836 988,840 959,840 958,841 953,841 951,839 951,838 949,836 948,836 947,835 946,835 945,834 935,834 934,835 933,835 930,838 930,839 928,841 924,841 923,840 880,841 879,840 863,840 862,839 853,839 852,838 847,838 846,837 841,837 840,836 836,836 835,835 829,835 828,834 822,834 821,833 820,833 819,832 808,833 807,834 805,834 804,833 803,833 802,832 800,832 799,831 788,831 787,832 786,832 785,833 784,833 783,834 773,834 772,835 764,835 763,836 759,836 758,837 754,837 753,838 748,838 747,839 740,839 739,840 678,841 677,840 677,836 676,835 676,834 674,832 673,832 672,831 659,831 658,832 657,832 655,834 654,834 653,835 652,835 651,834 642,834 641,835 640,835 634,841 579,842 578,843 519,843 518,842 509,843 508,844 493,844 492,843 484,843 483,844 482,844 481,843 475,843 474,842 474,841 473,840 473,839 470,836 469,836 468,835 459,835 458,836 457,836 453,840 453,841 451,843 449,843 448,842 434,842 433,841 426,841 425,840 410,841 409,840 389,840 388,839 388,838 386,836 385,836 384,835 374,835 373,836 372,836 367,841 344,841 343,842 322,842 321,844 297,844 296,843 296,838 295,837 295,836 292,833 291,833 290,832 239,832"/>
                <pc:Baseline points="164,885 1219,881"/>
                <pc:TextEquiv conf="0.999645113945007">
                    <pc:Unicode>auf, und ging an ihrem Arme in die ſtillen</pc:Unicode>
                </pc:TextEquiv>
            </pc:TextLine>
            <pc:TextLine id="OCR-D-BIN-DENOISE-DESKEW_0007_region0002_line0008">
                <pc:AlternativeImage filename="OCR-D-SEG-LINE-RESEG-DEWARP/OCR-D-SEG-LINE-RESEG-DEWARP_0007_OCR-D-BIN-DENOISE-DESKEW_0007_region0002_OCR-D-BIN-DENOISE-DESKEW_0007_region0002_line0008.IMG-DEWARP.png" comments="binarized,despeckled,dewarped"/>
                <pc:Coords points="171,913 171,970 177,976 227,975 230,978 231,978 232,979 240,979 241,978 242,978 243,977 244,977 246,975 255,975 256,974 278,974 279,973 287,973 288,974 354,973 355,974 355,976 356,977 356,978 358,980 359,980 360,981 369,981 370,980 371,980 376,975 376,974 377,973 397,973 398,972 455,971 456,972 464,972 465,971 488,971 489,972 495,972 496,973 503,973 504,974 518,974 519,975 613,974 614,973 717,971 718,970 720,970 721,971 938,969 939,970 980,970 981,971 1044,970 1045,971 1053,971 1054,970 1057,970 1058,971 1125,970 1126,971 1144,971 1145,972 1146,972 1147,973 1147,974 1150,977 1151,977 1152,978 1153,978 1154,979 1155,979 1156,980 1169,980 1170,979 1171,979 1172,978 1173,978 1175,976 1176,976 1179,973 1213,972 1213,919 1198,920 1197,921 1143,921 1142,920 1120,920 1119,919 1108,920 1107,919 1106,919 1105,918 1105,915 1104,914 1104,913 1101,910 1100,910 1099,909 1089,909 1088,910 1087,910 1086,911 1085,911 1084,912 1080,912 1079,913 1078,913 1076,915 1076,916 1075,917 1075,918 1074,919 1037,919 1036,920 1017,920 1016,919 1016,917 1015,916 1015,915 1013,913 1012,913 1011,912 1000,913 999,914 998,914 994,918 994,919 992,921 974,921 973,920 957,920 956,919 937,919 936,918 929,918 928,917 928,916 927,915 927,914 925,912 924,912 923,911 912,911 911,913 909,913 908,912 898,912 897,913 896,913 894,915 894,916 891,919 885,919 884,920 882,920 881,919 876,919 875,918 875,913 874,912 874,911 872,909 871,909 870,908 856,908 855,909 853,909 852,910 849,910 848,911 847,911 846,912 845,912 843,914 843,915 842,916 842,918 841,919 787,920 785,918 785,917 783,915 782,915 781,914 771,914 770,915 769,915 768,916 767,916 763,920 730,920 729,919 714,920 713,919 704,919 703,918 696,918 695,917 690,917 689,916 689,915 685,911 684,911 683,910 671,910 670,911 662,911 661,912 660,912 658,914 658,915 656,917 631,917 630,916 628,916 627,915 625,915 624,914 623,914 622,913 620,913 619,912 615,913 614,912 607,912 606,911 583,911 582,910 527,910 526,911 495,912 494,913 489,913 488,914 486,914 485,915 484,915 483,916 482,916 480,918 480,919 478,921 474,921 473,920 473,916 472,915 472,914 470,912 469,912 468,911 467,911 466,910 456,910 455,911 454,911 453,912 452,912 451,913 450,913 449,914 448,914 445,917 445,918 444,919 444,920 443,921 400,922 399,921 399,920 398,919 398,918 396,916 395,916 394,915 384,915 383,916 382,916 377,921 376,920 376,918 375,917 375,916 371,912 370,912 369,911 360,911 359,912 358,912 357,913 356,913 354,915 353,915 351,917 350,917 347,920 316,921 314,919 314,918 310,914 309,914 308,913 306,913 305,912 301,912 300,911 289,911 288,910 245,910 244,909 219,910 218,909 175,909"/>
                <pc:Baseline points="168,966 1220,962"/>
                <pc:TextEquiv conf="0.999149262905121">
                    <pc:Unicode>Thaͤler hinab. Wir konnten beide eine lange</pc:Unicode>
                </pc:TextEquiv>
            </pc:TextLine>
            <pc:TextLine id="OCR-D-BIN-DENOISE-DESKEW_0007_region0002_line0009">
                <pc:AlternativeImage filename="OCR-D-SEG-LINE-RESEG-DEWARP/OCR-D-SEG-LINE-RESEG-DEWARP_0007_OCR-D-BIN-DENOISE-DESKEW_0007_region0002_OCR-D-BIN-DENOISE-DESKEW_0007_region0002_line0009.IMG-DEWARP.png" comments="binarized,despeckled,dewarped"/>
                <pc:Coords points="416,990 414,990 413,991 412,991 410,993 409,993 408,994 407,994 404,997 404,998 402,1000 398,1000 397,999 397,998 395,996 394,996 393,995 392,995 391,994 383,994 382,995 381,995 377,999 377,1000 375,1002 366,1002 365,1003 360,1003 359,1002 339,1002 338,1001 295,1002 294,1001 294,997 293,996 293,995 291,993 290,993 289,992 280,992 279,993 278,993 277,994 276,994 275,995 274,995 273,996 272,996 270,998 269,998 268,997 267,997 266,996 264,996 263,995 260,995 259,994 254,994 253,993 243,993 242,992 177,993 171,999 171,1053 171,1054 175,1057 231,1056 231,1055 253,1055 254,1054 272,1054 273,1053 345,1052 346,1053 387,1053 388,1054 409,1054 412,1056 412,1057 415,1060 416,1060 417,1061 426,1060 427,1059 428,1059 429,1058 430,1058 432,1056 432,1055 433,1053 445,1053 446,1054 473,1054 475,1055 491,1055 493,1056 493,1057 495,1059 496,1059 497,1060 506,1060 507,1059 508,1059 510,1061 511,1061 512,1062 522,1061 523,1060 524,1060 526,1058 526,1057 527,1056 526,1054 527,1053 551,1053 552,1052 581,1052 582,1053 588,1053 589,1054 590,1057 591,1058 591,1059 593,1061 594,1061 595,1062 604,1062 605,1061 606,1061 607,1060 608,1060 613,1054 613,1053 614,1052 665,1051 666,1052 667,1052 668,1053 669,1054 670,1055 670,1056 672,1058 673,1058 674,1059 682,1059 683,1058 684,1058 686,1056 686,1055 687,1053 690,1053 691,1054 697,1054 699,1055 735,1054 736,1055 736,1056 737,1057 737,1058 739,1060 740,1060 741,1061 752,1061 753,1060 754,1060 756,1058 756,1057 757,1056 757,1055 758,1054 763,1054 763,1053 777,1053 778,1052 796,1052 797,1051 872,1050 873,1051 879,1051 880,1052 880,1053 883,1055 884,1055 885,1056 894,1056 895,1055 896,1055 899,1051 907,1051 908,1052 917,1051 920,1053 920,1054 922,1056 923,1056 924,1057 933,1057 934,1056 935,1056 938,1052 975,1052 978,1054 978,1055 979,1056 979,1057 981,1059 982,1059 983,1060 992,1060 993,1059 994,1059 997,1056 997,1055 998,1054 998,1053 998,1052 1018,1051 1019,1050 1210,1048 1211,1047 1213,1047 1213,992 1193,993 1192,994 1186,994 1185,993 1184,993 1183,992 1181,992 1180,991 1172,991 1171,992 1170,992 1169,993 1168,993 1164,997 1160,997 1159,998 1147,998 1146,999 1039,1000 1038,999 1010,1000 1009,999 1009,994 1008,993 1008,992 1005,989 1004,989 1003,988 1001,988 1000,987 988,987 987,988 986,988 980,994 980,995 979,996 979,999 978,1000 958,1000 957,1001 956,1001 955,1000 955,994 954,993 954,992 952,990 951,990 950,989 920,989 919,988 909,989 908,990 907,990 906,991 900,991 898,989 897,989 896,988 883,988 882,989 881,989 880,990 879,990 878,991 876,991 875,992 874,992 871,995 871,996 870,997 865,997 864,998 856,998 855,999 828,999 827,998 826,998 825,997 815,997 814,999 813,999 812,1000 769,1000 768,999 768,996 767,995 767,994 764,991 763,991 762,990 760,990 759,989 758,989 757,988 748,988 747,989 746,989 745,990 744,990 740,994 740,995 739,996 739,997 738,998 738,999 737,1000 713,1001 712,1002 707,1002 706,1003 698,1003 697,1002 688,1002 687,1001 664,1001 663,1000 617,1001 616,1000 616,996 615,995 615,994 613,992 612,992 611,991 610,991 609,990 600,990 599,991 596,991 595,992 594,992 592,994 589,994 588,995 587,995 585,997 585,998 584,999 584,1000 583,1001 558,1001 557,1000 548,1000 547,999 541,999 540,998 536,998 535,997 532,997 531,996 527,996 526,995 525,995 522,992 521,992 520,991 502,992 501,993 500,993 499,994 498,994 497,995 474,995 473,996 461,996 460,997 456,997 455,996 445,996 444,997 443,997 442,998 436,998 435,997 435,996 434,995 434,994 432,992 431,992 428,989 427,989 426,988 417,989"/>
                <pc:Baseline points="167,1047 1220,1038"/>
                <pc:TextEquiv conf="0.989817440509796">
                    <pc:Unicode>Weile nicht ſprechen, ſo wohl, ſo unaus—</pc:Unicode>
                </pc:TextEquiv>
            </pc:TextLine>
            <pc:TextLine id="OCR-D-BIN-DENOISE-DESKEW_0007_region0002_line0010">
                <pc:AlternativeImage filename="OCR-D-SEG-LINE-RESEG-DEWARP/OCR-D-SEG-LINE-RESEG-DEWARP_0007_OCR-D-BIN-DENOISE-DESKEW_0007_region0002_OCR-D-BIN-DENOISE-DESKEW_0007_region0002_line0010.IMG-DEWARP.png" comments="binarized,despeckled,dewarped"/>
                <pc:Coords points="188,1072 187,1072 184,1075 183,1075 181,1077 181,1078 180,1079 180,1080 178,1082 175,1082 171,1086 171,1139 173,1141 177,1141 180,1144 181,1144 182,1145 191,1145 192,1144 193,1144 195,1142 196,1143 197,1143 198,1144 208,1144 209,1143 210,1143 212,1141 212,1140 213,1139 217,1139 218,1138 223,1138 224,1137 230,1136 231,1135 238,1135 239,1134 249,1134 250,1133 274,1133 275,1134 275,1135 276,1136 276,1137 279,1140 280,1140 281,1141 290,1141 291,1140 292,1140 294,1138 295,1138 297,1136 297,1135 299,1133 326,1132 327,1133 347,1133 349,1135 349,1136 352,1139 353,1139 354,1140 365,1140 366,1139 367,1139 371,1135 371,1134 372,1133 408,1133 409,1132 472,1131 476,1135 477,1135 478,1136 487,1136 488,1135 489,1135 493,1131 508,1131 509,1132 665,1130 666,1129 760,1128 761,1129 767,1129 768,1130 776,1130 777,1131 799,1131 800,1132 902,1131 903,1130 965,1129 966,1128 967,1129 1041,1128 1042,1129 1075,1129 1076,1130 1088,1130 1089,1131 1106,1131 1107,1132 1113,1131 1115,1133 1116,1133 1117,1134 1127,1134 1128,1133 1129,1133 1131,1131 1134,1131 1135,1132 1157,1132 1158,1133 1158,1134 1160,1136 1161,1136 1162,1137 1163,1137 1164,1138 1165,1138 1166,1139 1179,1139 1180,1138 1181,1138 1187,1132 1213,1131 1213,1074 1205,1075 1203,1073 1202,1073 1201,1072 1191,1072 1190,1073 1189,1073 1188,1074 1187,1074 1186,1075 1179,1075 1176,1072 1175,1072 1174,1071 1164,1071 1163,1072 1162,1072 1158,1076 1145,1076 1144,1077 1143,1077 1142,1076 1142,1074 1141,1073 1141,1072 1138,1069 1137,1069 1136,1068 1123,1068 1122,1069 1121,1069 1119,1071 1119,1072 1118,1073 1118,1076 1116,1078 1075,1079 1074,1078 982,1079 981,1078 966,1078 965,1077 964,1077 963,1076 954,1076 953,1077 952,1077 951,1078 934,1078 933,1077 914,1077 913,1076 909,1077 908,1076 906,1076 904,1074 903,1074 902,1073 901,1073 900,1072 899,1072 898,1071 895,1071 894,1070 890,1070 889,1069 878,1069 877,1068 772,1069 771,1070 759,1070 758,1071 747,1071 746,1072 732,1072 731,1071 721,1071 720,1072 719,1072 718,1073 717,1073 715,1076 710,1076 709,1077 701,1077 700,1078 690,1078 689,1079 668,1079 667,1080 561,1081 560,1080 548,1080 547,1079 542,1079 541,1078 539,1078 538,1077 537,1077 536,1076 535,1076 533,1074 532,1074 531,1073 529,1073 528,1072 517,1073 515,1071 514,1071 513,1070 512,1070 511,1069 503,1069 502,1070 501,1070 500,1071 499,1071 497,1073 494,1073 491,1070 490,1070 489,1069 476,1069 475,1070 474,1070 472,1072 471,1072 470,1073 469,1073 465,1077 463,1077 462,1078 456,1078 455,1079 443,1079 442,1080 399,1081 398,1080 383,1080 382,1079 375,1079 374,1078 374,1077 373,1076 373,1075 369,1071 368,1071 367,1070 355,1070 354,1071 353,1071 352,1072 351,1072 350,1073 347,1073 346,1074 345,1074 343,1076 343,1077 342,1078 339,1078 338,1077 338,1076 336,1074 335,1074 334,1073 326,1073 323,1071 322,1071 321,1070 311,1070 310,1071 309,1071 306,1074 303,1074 302,1075 301,1075 298,1072 297,1072 296,1071 293,1071 292,1070 283,1070 282,1071 281,1071 280,1072 279,1072 278,1073 277,1073 276,1074 275,1074 274,1075 273,1075 271,1077 271,1078 270,1079 266,1079 265,1080 257,1080 256,1081 247,1081 246,1082 234,1082 233,1083 210,1084 208,1082 208,1078 207,1077 207,1076 205,1074 204,1074 203,1073 201,1073 200,1072 199,1072 198,1071 189,1071"/>
                <pc:Baseline points="164,1130 777,1118 1221,1121"/>
                <pc:TextEquiv conf="0.999647498130798">
                    <pc:Unicode>ſprechlich wohl war uns. Wir waren jetzt</pc:Unicode>
                </pc:TextEquiv>
            </pc:TextLine>
            <pc:TextLine id="OCR-D-BIN-DENOISE-DESKEW_0007_region0002_line0011">
                <pc:AlternativeImage filename="OCR-D-SEG-LINE-RESEG-DEWARP/OCR-D-SEG-LINE-RESEG-DEWARP_0007_OCR-D-BIN-DENOISE-DESKEW_0007_region0002_OCR-D-BIN-DENOISE-DESKEW_0007_region0002_line0011.IMG-DEWARP.png" comments="binarized,despeckled,dewarped"/>
                <pc:Coords points="582,1149 581,1149 579,1151 578,1151 577,1153 576,1153 573,1156 571,1156 570,1157 566,1157 565,1158 561,1158 560,1159 554,1159 553,1160 546,1160 545,1159 525,1159 524,1158 491,1159 490,1158 464,1158 461,1155 460,1155 459,1154 448,1154 447,1155 446,1155 443,1158 426,1158 425,1159 401,1160 400,1161 371,1161 370,1160 370,1159 369,1158 369,1157 366,1154 365,1154 363,1153 354,1153 354,1154 353,1154 350,1157 350,1158 349,1159 349,1160 348,1161 325,1161 324,1160 259,1161 255,1157 254,1157 253,1156 245,1156 244,1157 243,1157 239,1161 205,1162 204,1163 195,1163 194,1162 184,1162 183,1163 175,1163 171,1167 171,1209 175,1213 247,1212 248,1213 326,1212 327,1211 454,1210 455,1211 463,1211 464,1210 530,1209 531,1210 603,1210 604,1209 610,1209 611,1210 623,1209 624,1210 633,1210 634,1211 675,1211 676,1212 690,1212 691,1211 712,1211 713,1210 725,1209 726,1208 758,1208 759,1209 828,1208 829,1209 944,1208 945,1209 959,1209 960,1210 1034,1209 1035,1210 1035,1211 1038,1214 1039,1214 1040,1215 1049,1215 1050,1214 1051,1214 1054,1211 1055,1211 1057,1209 1084,1209 1085,1208 1112,1207 1113,1208 1114,1208 1115,1209 1115,1211 1116,1212 1116,1213 1118,1215 1119,1215 1120,1216 1131,1216 1132,1215 1133,1215 1135,1213 1135,1212 1136,1211 1136,1209 1137,1208 1213,1207 1213,1156 1152,1157 1151,1156 1151,1150 1149,1149 1149,1148 1147,1146 1146,1146 1145,1145 1140,1145 1139,1144 1126,1144 1125,1145 1123,1145 1122,1146 1121,1146 1118,1149 1119,1150 1118,1151 1118,1152 1117,1153 1117,1155 1115,1157 1092,1158 1091,1157 1074,1157 1073,1156 1065,1156 1064,1155 1060,1155 1059,1154 1058,1154 1057,1153 1057,1152 1056,1151 1055,1150 1052,1147 1051,1147 1050,1146 1036,1146 1035,1145 1021,1145 1020,1144 964,1145 963,1146 953,1146 952,1147 948,1147 947,1148 945,1148 944,1149 942,1149 941,1150 940,1150 940,1151 938,1151 937,1152 933,1152 930,1150 929,1150 928,1149 918,1149 917,1150 916,1150 916,1151 915,1151 911,1156 898,1156 897,1157 879,1157 878,1158 864,1158 863,1157 834,1157 833,1156 787,1157 786,1156 771,1156 770,1155 770,1154 766,1151 765,1151 764,1150 756,1150 755,1151 754,1151 754,1152 753,1152 752,1153 751,1153 748,1156 736,1156 735,1155 730,1155 729,1154 725,1154 724,1153 721,1153 720,1152 717,1152 715,1152 710,1152 709,1151 703,1151 702,1150 688,1150 687,1149 626,1149 625,1150 610,1151 609,1152 598,1152 595,1149 594,1149 593,1148 583,1148"/>
                <pc:Baseline points="167,1203 1222,1197"/>
                <pc:TextEquiv conf="0.999421775341034">
                    <pc:Unicode>unter einander als Bruder und Schweſter.</pc:Unicode>
                </pc:TextEquiv>
            </pc:TextLine>
            <pc:TextLine id="OCR-D-BIN-DENOISE-DESKEW_0007_region0002_line0012">
                <pc:AlternativeImage filename="OCR-D-SEG-LINE-RESEG-DEWARP/OCR-D-SEG-LINE-RESEG-DEWARP_0007_OCR-D-BIN-DENOISE-DESKEW_0007_region0002_OCR-D-BIN-DENOISE-DESKEW_0007_region0002_line0012.IMG-DEWARP.png" comments="binarized,despeckled,dewarped"/>
                <pc:Coords points="298,1230 297,1230 296,1231 295,1231 293,1233 291,1233 290,1234 289,1234 286,1237 286,1238 285,1239 268,1239 267,1238 261,1238 260,1237 258,1237 257,1236 255,1236 253,1234 252,1234 251,1233 240,1233 239,1232 228,1232 227,1231 176,1232 171,1237 171,1289 177,1295 226,1294 227,1293 259,1293 260,1292 295,1292 296,1293 296,1294 297,1295 297,1296 299,1298 300,1298 301,1299 309,1299 310,1298 311,1298 312,1297 313,1297 319,1291 344,1290 345,1291 405,1291 406,1290 523,1288 524,1289 572,1289 574,1291 574,1292 577,1295 578,1295 579,1296 587,1296 588,1295 589,1295 595,1289 633,1288 634,1289 648,1289 649,1290 839,1288 840,1289 861,1289 862,1290 882,1290 883,1291 883,1294 884,1295 884,1296 887,1299 888,1299 889,1300 899,1300 900,1299 901,1299 904,1296 904,1295 905,1294 905,1291 906,1290 1016,1288 1017,1289 1036,1289 1037,1290 1045,1290 1046,1291 1056,1291 1057,1290 1194,1289 1195,1288 1213,1287 1213,1235 1210,1235 1209,1234 1201,1235 1200,1234 1196,1234 1195,1233 1193,1233 1192,1232 1191,1232 1190,1231 1189,1231 1188,1230 1187,1230 1186,1229 1185,1229 1184,1228 1182,1228 1181,1227 1178,1227 1177,1226 1173,1226 1172,1225 1163,1225 1162,1224 1137,1224 1136,1223 1083,1224 1082,1225 1070,1225 1069,1226 1067,1226 1066,1227 1065,1227 1063,1229 1063,1230 1062,1231 1062,1235 1061,1236 1045,1236 1044,1237 1038,1237 1037,1236 986,1237 984,1235 984,1234 981,1231 980,1231 979,1230 971,1230 970,1231 969,1231 968,1232 967,1232 962,1237 926,1237 925,1236 920,1236 919,1235 919,1231 918,1230 918,1229 916,1227 915,1227 914,1226 908,1227 907,1226 897,1226 896,1227 894,1227 893,1228 892,1228 891,1229 890,1229 888,1231 888,1232 886,1234 886,1235 884,1237 836,1237 834,1235 833,1235 832,1234 823,1234 822,1235 821,1235 820,1236 788,1237 787,1236 787,1235 785,1233 784,1233 783,1232 774,1232 773,1233 772,1233 768,1237 767,1237 766,1236 753,1236 752,1235 746,1235 745,1234 742,1234 741,1233 739,1233 738,1232 737,1232 736,1231 734,1231 733,1230 731,1230 730,1229 727,1229 726,1228 721,1228 720,1227 706,1228 705,1227 662,1227 661,1228 648,1228 647,1229 643,1229 642,1230 640,1230 639,1231 637,1231 636,1232 635,1232 634,1233 633,1233 632,1234 630,1234 629,1235 627,1235 626,1236 620,1236 619,1237 594,1238 593,1237 593,1233 592,1232 592,1231 590,1229 589,1229 588,1228 587,1228 586,1227 576,1227 575,1228 574,1228 573,1229 572,1229 571,1230 569,1230 568,1231 567,1231 564,1234 564,1235 562,1237 529,1237 526,1234 525,1234 524,1233 523,1233 522,1232 521,1232 520,1231 510,1232 509,1233 507,1233 506,1234 505,1234 503,1236 503,1237 502,1238 493,1238 492,1239 471,1239 470,1240 451,1240 450,1239 411,1240 410,1239 383,1239 381,1237 380,1237 379,1236 369,1236 368,1237 366,1237 365,1236 364,1236 363,1235 353,1235 352,1236 351,1236 348,1239 327,1239 326,1238 318,1239 317,1238 317,1235 316,1234 316,1233 314,1231 313,1231 312,1230 311,1230 310,1229 299,1229"/>
                <pc:Baseline points="169,1284 1223,1277"/>
                <pc:TextEquiv conf="0.999515652656555">
                    <pc:Unicode>Wir hatten uns ohne Worte verſtanden. Die</pc:Unicode>
                </pc:TextEquiv>
            </pc:TextLine>
            <pc:TextLine id="OCR-D-BIN-DENOISE-DESKEW_0007_region0002_line0013">
                <pc:AlternativeImage filename="OCR-D-SEG-LINE-RESEG-DEWARP/OCR-D-SEG-LINE-RESEG-DEWARP_0007_OCR-D-BIN-DENOISE-DESKEW_0007_region0002_OCR-D-BIN-DENOISE-DESKEW_0007_region0002_line0013.IMG-DEWARP.png" comments="binarized,despeckled,dewarped"/>
                <pc:Coords points="318,1308 317,1308 316,1309 315,1309 314,1310 309,1310 308,1311 307,1311 304,1314 304,1315 303,1316 303,1317 302,1318 290,1318 289,1319 279,1319 278,1320 271,1320 270,1319 270,1314 269,1313 269,1312 266,1309 265,1309 264,1308 250,1308 249,1309 245,1309 244,1310 243,1310 238,1315 238,1316 236,1318 235,1318 234,1317 227,1317 224,1315 223,1315 222,1314 211,1314 210,1315 209,1315 207,1313 206,1313 205,1312 204,1312 203,1311 192,1311 191,1312 189,1312 188,1313 186,1313 185,1314 184,1314 183,1315 179,1315 171,1323 171,1352 172,1353 172,1359 173,1360 173,1366 174,1366 176,1368 177,1368 179,1370 180,1370 184,1374 217,1374 218,1373 241,1372 242,1371 266,1371 267,1370 273,1370 274,1371 282,1371 283,1370 384,1369 385,1370 419,1370 420,1371 427,1370 429,1372 429,1373 432,1376 433,1376 434,1377 442,1377 443,1376 444,1376 447,1373 447,1372 449,1370 480,1370 481,1369 507,1369 508,1368 531,1367 532,1368 564,1368 565,1369 587,1369 588,1370 674,1369 675,1368 676,1369 698,1369 699,1370 715,1370 716,1371 737,1370 738,1371 816,1371 817,1369 818,1369 820,1367 820,1366 821,1365 820,1341 819,1340 819,1339 817,1337 816,1337 815,1337 788,1337 787,1336 784,1336 783,1335 783,1321 782,1320 782,1319 780,1317 779,1317 778,1316 716,1317 715,1316 715,1315 713,1313 712,1313 711,1312 701,1312 700,1313 699,1313 697,1315 697,1316 696,1317 673,1317 672,1318 671,1318 670,1317 655,1317 654,1316 644,1316 642,1314 642,1313 639,1310 638,1310 637,1309 634,1309 633,1308 621,1308 620,1309 619,1309 618,1311 617,1311 612,1316 592,1316 591,1317 574,1317 573,1318 550,1318 549,1319 544,1319 543,1318 536,1318 535,1317 535,1315 534,1314 534,1313 532,1311 531,1311 530,1310 521,1310 520,1312 519,1312 517,1314 516,1314 513,1317 511,1317 510,1316 507,1316 504,1313 504,1312 500,1308 499,1308 498,1307 487,1307 486,1308 485,1308 484,1309 477,1309 476,1310 475,1310 473,1312 473,1313 472,1314 458,1314 457,1313 457,1312 456,1311 456,1310 453,1307 452,1307 451,1306 443,1306 442,1307 437,1307 436,1308 435,1308 434,1309 433,1309 428,1314 428,1315 426,1317 422,1318 421,1319 405,1319 404,1318 385,1318 384,1317 374,1317 373,1316 373,1315 371,1313 370,1313 369,1312 357,1312 356,1313 355,1313 351,1317 337,1317 336,1316 336,1312 335,1311 335,1310 333,1308 332,1308 331,1307 330,1307 329,1306 319,1307"/>
                <pc:Baseline points="173,1364 536,1357 821,1361"/>
                <pc:TextEquiv conf="0.997192025184631">
                    <pc:Unicode>Liebe bedarf keiner Laute.</pc:Unicode>
                </pc:TextEquiv>
            </pc:TextLine>
            <pc:TextLine id="OCR-D-BIN-DENOISE-DESKEW_0007_region0002_line0014">
                <pc:AlternativeImage filename="OCR-D-SEG-LINE-RESEG-DEWARP/OCR-D-SEG-LINE-RESEG-DEWARP_0007_OCR-D-BIN-DENOISE-DESKEW_0007_region0002_OCR-D-BIN-DENOISE-DESKEW_0007_region0002_line0014.IMG-DEWARP.png" comments="binarized,despeckled,dewarped"/>
                <pc:Coords points="1172,1378 1171,1378 1167,1382 1167,1383 1165,1385 1165,1386 1164,1387 1164,1395 1163,1396 1160,1396 1159,1395 1151,1395 1150,1394 1139,1394 1138,1393 1123,1393 1122,1392 1121,1392 1119,1390 1118,1390 1117,1389 1116,1389 1115,1388 1101,1389 1100,1390 1099,1390 1097,1392 1097,1393 1096,1394 1083,1394 1082,1395 1059,1395 1056,1392 1055,1392 1054,1391 1045,1391 1044,1392 1043,1392 1042,1393 1041,1393 1040,1392 1038,1392 1037,1391 1036,1391 1035,1390 1034,1390 1033,1389 1032,1389 1031,1388 1030,1388 1029,1387 1026,1387 1025,1386 1020,1386 1019,1385 1007,1386 1006,1385 954,1385 953,1386 939,1386 938,1387 932,1387 931,1388 927,1388 926,1389 922,1389 921,1390 918,1390 917,1391 914,1392 913,1393 908,1393 907,1394 898,1394 897,1393 891,1393 890,1392 888,1392 886,1390 885,1390 884,1389 874,1389 873,1390 871,1390 870,1389 861,1389 860,1388 821,1388 819,1386 818,1386 817,1385 807,1386 806,1387 805,1387 803,1389 786,1389 785,1390 779,1390 778,1391 775,1391 774,1392 772,1392 771,1393 769,1393 768,1394 765,1394 764,1395 761,1395 760,1396 756,1396 755,1397 714,1398 713,1397 690,1397 689,1396 677,1396 676,1395 670,1395 669,1394 669,1392 668,1391 668,1390 665,1387 664,1387 663,1386 651,1386 650,1387 649,1387 647,1389 646,1389 645,1390 644,1390 643,1391 642,1390 638,1390 637,1389 632,1389 631,1388 624,1388 623,1387 553,1388 552,1389 546,1389 545,1390 541,1390 540,1391 537,1391 536,1392 533,1392 532,1393 528,1393 527,1394 521,1395 520,1396 516,1396 515,1395 497,1395 496,1394 494,1394 491,1391 490,1391 489,1390 477,1390 476,1391 475,1391 472,1394 454,1394 453,1395 438,1395 437,1396 424,1396 423,1397 392,1398 391,1397 386,1397 385,1396 378,1396 377,1395 374,1395 373,1394 371,1394 370,1393 368,1393 367,1392 364,1392 363,1391 360,1391 359,1390 353,1390 352,1389 341,1389 340,1388 322,1389 321,1388 320,1388 319,1387 311,1387 310,1388 309,1388 308,1389 247,1389 246,1390 195,1391 194,1392 193,1392 191,1394 191,1395 190,1396 190,1430 191,1431 191,1432 193,1434 194,1434 195,1435 199,1435 200,1436 200,1446 201,1447 201,1448 204,1450 205,1450 206,1451 207,1451 208,1452 284,1451 285,1450 336,1449 336,1448 375,1448 377,1449 386,1449 386,1448 392,1448 394,1449 404,1449 404,1448 423,1447 424,1448 512,1448 514,1449 532,1448 533,1449 552,1449 553,1450 641,1449 642,1448 647,1448 649,1450 649,1451 652,1454 653,1454 654,1455 662,1455 663,1454 664,1454 667,1451 668,1451 671,1448 740,1447 741,1448 757,1448 758,1449 761,1449 762,1450 762,1451 764,1453 765,1453 766,1454 776,1454 777,1453 778,1453 779,1452 782,1452 783,1453 785,1453 786,1454 788,1454 789,1455 792,1455 793,1456 797,1456 798,1457 847,1456 848,1455 853,1455 854,1454 856,1454 857,1453 860,1453 861,1452 863,1452 864,1451 866,1451 867,1450 871,1450 872,1449 879,1449 880,1448 908,1448 909,1447 922,1446 923,1447 932,1447 933,1446 942,1446 943,1447 967,1447 968,1448 1028,1447 1029,1448 1097,1448 1098,1447 1146,1446 1147,1445 1177,1445 1178,1446 1188,1446 1189,1445 1195,1445 1195,1444 1213,1443 1213,1400 1205,1401 1204,1400 1197,1400 1196,1399 1196,1394 1195,1393 1195,1383 1194,1382 1194,1381 1191,1378 1190,1378 1189,1377 1173,1377"/>
                <pc:Baseline points="200,1441 812,1442 1224,1433"/>
                <pc:TextEquiv conf="0.973622143268585">
                    <pc:Unicode>Als wir der Wohnung ') des Vaters naͤ—</pc:Unicode>
                </pc:TextEquiv>
            </pc:TextLine>
            <pc:TextLine id="OCR-D-BIN-DENOISE-DESKEW_0007_region0002_line0015">
                <pc:AlternativeImage filename="OCR-D-SEG-LINE-RESEG-DEWARP/OCR-D-SEG-LINE-RESEG-DEWARP_0007_OCR-D-BIN-DENOISE-DESKEW_0007_region0002_OCR-D-BIN-DENOISE-DESKEW_0007_region0002_line0015.IMG-DEWARP.png" comments="binarized,despeckled,dewarped"/>
                <pc:Coords points="192,1469 184,1469 182,1471 181,1471 179,1473 178,1473 174,1477 173,1477 172,1478 172,1484 171,1485 171,1515 172,1516 172,1523 180,1531 186,1531 187,1532 187,1534 188,1535 188,1536 190,1538 191,1538 192,1539 201,1539 202,1538 203,1538 207,1534 207,1533 210,1530 227,1529 228,1530 313,1530 314,1529 412,1528 413,1529 418,1529 419,1530 421,1530 422,1531 424,1530 425,1531 427,1531 428,1532 430,1532 431,1533 437,1533 438,1534 463,1534 466,1537 467,1537 468,1538 477,1538 478,1537 479,1537 480,1536 481,1536 482,1537 483,1537 484,1538 494,1538 495,1537 496,1537 498,1535 498,1534 500,1532 501,1532 502,1531 509,1531 510,1530 518,1530 519,1529 531,1528 532,1527 543,1527 544,1528 552,1528 553,1527 563,1527 564,1528 577,1528 579,1530 579,1531 581,1533 582,1533 583,1534 584,1534 585,1535 589,1535 590,1536 601,1536 602,1535 603,1535 607,1531 672,1530 673,1531 682,1531 683,1530 684,1530 685,1529 705,1529 706,1528 746,1527 747,1528 755,1528 756,1527 760,1527 761,1528 769,1528 770,1527 791,1527 792,1528 834,1527 835,1528 843,1528 844,1529 852,1529 853,1528 897,1528 898,1529 906,1529 907,1528 963,1527 965,1529 965,1530 967,1532 968,1532 969,1533 979,1533 980,1532 981,1532 983,1530 983,1529 985,1527 1137,1525 1138,1526 1155,1526 1156,1527 1172,1527 1174,1529 1174,1530 1175,1531 1175,1532 1178,1535 1179,1535 1180,1536 1188,1536 1189,1535 1192,1535 1193,1534 1194,1534 1200,1528 1213,1527 1213,1471 1205,1472 1204,1471 1204,1470 1203,1469 1203,1468 1201,1466 1200,1466 1199,1465 1198,1465 1197,1464 1186,1464 1185,1465 1178,1465 1177,1466 1175,1466 1174,1467 1173,1467 1170,1470 1170,1471 1168,1473 1166,1473 1165,1472 1165,1471 1163,1469 1162,1469 1161,1468 1151,1468 1150,1469 1149,1469 1146,1472 1146,1473 1145,1474 1138,1474 1137,1475 1029,1476 1028,1475 1019,1475 1018,1476 1004,1477 1003,1476 998,1476 997,1475 988,1475 987,1474 967,1474 965,1472 964,1472 963,1471 962,1471 961,1470 948,1470 947,1471 946,1471 942,1475 926,1475 925,1476 848,1477 847,1476 825,1476 824,1475 823,1475 822,1474 813,1475 812,1476 811,1476 810,1477 802,1477 801,1476 795,1476 793,1474 793,1473 790,1470 789,1470 788,1469 780,1469 778,1467 777,1467 776,1466 764,1466 763,1467 762,1467 761,1468 759,1468 758,1469 749,1469 748,1470 747,1470 746,1471 745,1471 743,1473 743,1474 741,1476 740,1475 726,1475 725,1474 720,1474 719,1473 715,1474 714,1473 712,1473 711,1472 709,1472 708,1471 706,1471 705,1470 703,1470 702,1469 698,1469 697,1468 691,1468 690,1467 672,1467 671,1466 628,1466 627,1467 613,1468 612,1469 608,1469 607,1470 605,1470 604,1471 602,1471 601,1472 600,1472 599,1473 598,1473 597,1474 595,1474 594,1475 592,1475 591,1476 586,1476 585,1477 560,1477 559,1476 520,1477 519,1476 511,1476 510,1477 502,1477 501,1476 496,1476 495,1475 495,1472 494,1471 494,1470 491,1467 490,1467 489,1466 473,1466 472,1467 471,1467 467,1471 467,1472 466,1473 466,1474 464,1476 425,1476 424,1477 344,1478 343,1477 321,1478 320,1477 311,1477 310,1476 302,1476 301,1475 300,1475 298,1473 298,1472 295,1469 294,1469 293,1468 292,1468 291,1467 282,1467 281,1468 279,1468 278,1469 270,1469 269,1470 268,1470 266,1472 266,1473 264,1475 249,1475 248,1476 241,1476 240,1477 232,1477 231,1478 230,1478 229,1477 224,1478 223,1477 222,1477 221,1476 220,1476 217,1473 216,1473 215,1472 214,1472 213,1471 210,1471 209,1470 207,1470 206,1469 204,1469 203,1468 193,1468"/>
                <pc:Baseline points="172,1521 1225,1517"/>
                <pc:TextEquiv conf="0.999675095081329">
                    <pc:Unicode>her kamen, ſprang Mimili voraus, um mich</pc:Unicode>
                </pc:TextEquiv>
            </pc:TextLine>
            <pc:TextLine id="OCR-D-BIN-DENOISE-DESKEW_0007_region0002_line0016">
                <pc:AlternativeImage filename="OCR-D-SEG-LINE-RESEG-DEWARP/OCR-D-SEG-LINE-RESEG-DEWARP_0007_OCR-D-BIN-DENOISE-DESKEW_0007_region0002_OCR-D-BIN-DENOISE-DESKEW_0007_region0002_line0016.IMG-DEWARP.png" comments="binarized,despeckled,dewarped"/>
                <pc:Coords points="207,1547 206,1547 205,1548 204,1548 202,1551 201,1551 200,1550 191,1550 190,1551 189,1551 185,1555 185,1556 174,1567 174,1595 175,1596 175,1601 183,1609 203,1609 204,1610 204,1612 205,1613 205,1614 207,1616 208,1616 209,1617 218,1617 219,1616 220,1616 221,1615 222,1615 225,1612 225,1611 227,1608 262,1608 263,1609 273,1609 274,1610 297,1610 300,1613 301,1613 302,1614 304,1614 305,1615 314,1615 315,1614 316,1614 317,1613 318,1613 321,1610 335,1609 336,1608 354,1608 355,1607 474,1606 475,1607 509,1607 510,1608 530,1607 531,1608 532,1608 533,1609 543,1609 544,1608 545,1608 546,1607 636,1606 637,1607 721,1606 722,1607 753,1607 754,1608 769,1608 771,1610 772,1610 773,1611 781,1611 782,1610 783,1610 785,1608 814,1608 815,1607 951,1605 952,1606 960,1606 961,1605 962,1605 963,1606 972,1606 973,1605 976,1605 978,1607 978,1608 980,1610 981,1610 982,1611 992,1611 993,1610 994,1610 999,1605 1025,1604 1026,1603 1041,1603 1042,1604 1077,1604 1078,1605 1173,1604 1174,1603 1176,1603 1177,1604 1188,1604 1189,1603 1204,1603 1205,1602 1213,1601 1213,1556 1205,1557 1204,1556 1196,1556 1195,1555 1195,1552 1194,1551 1194,1550 1191,1547 1190,1547 1189,1546 1179,1546 1178,1547 1177,1547 1176,1548 1175,1548 1174,1549 1173,1548 1173,1547 1170,1544 1169,1544 1167,1543 1153,1543 1153,1544 1152,1544 1151,1545 1150,1545 1149,1544 1146,1544 1144,1543 1138,1543 1137,1542 1118,1542 1117,1541 1116,1541 1115,1540 1113,1540 1112,1539 1100,1540 1099,1541 1096,1541 1095,1542 1094,1542 1093,1543 1075,1543 1075,1544 1069,1544 1068,1545 1063,1545 1062,1546 1059,1546 1058,1547 1050,1547 1049,1548 1048,1548 1047,1549 1045,1549 1044,1550 1040,1550 1039,1551 1033,1551 1032,1552 1023,1552 1022,1553 1000,1554 999,1553 999,1549 998,1548 998,1547 994,1544 993,1544 992,1543 983,1543 982,1544 981,1544 981,1545 980,1545 979,1546 975,1546 974,1547 973,1547 970,1550 970,1551 969,1552 969,1553 968,1554 962,1554 961,1555 927,1555 926,1554 925,1554 924,1553 914,1554 913,1555 912,1555 911,1556 875,1556 874,1557 869,1557 868,1556 868,1554 867,1553 867,1552 865,1550 864,1550 863,1549 852,1549 851,1550 850,1550 847,1553 847,1554 846,1555 846,1556 845,1557 819,1557 818,1558 810,1559 809,1558 803,1558 802,1557 795,1557 794,1556 786,1556 785,1555 778,1555 777,1554 772,1554 771,1553 767,1553 766,1552 763,1552 762,1551 759,1551 758,1550 755,1550 754,1549 751,1549 750,1548 745,1548 744,1547 736,1547 735,1546 734,1546 733,1545 732,1545 730,1544 721,1544 721,1545 720,1545 719,1546 699,1547 698,1546 685,1546 684,1547 662,1547 661,1548 655,1548 654,1549 651,1549 650,1550 648,1550 647,1551 645,1551 644,1552 641,1552 640,1553 637,1553 636,1554 622,1554 621,1553 609,1554 608,1553 604,1553 601,1550 600,1550 599,1549 589,1549 588,1550 587,1550 584,1553 546,1553 545,1554 539,1554 538,1555 511,1556 510,1555 498,1555 497,1554 489,1554 488,1553 479,1553 478,1552 469,1552 467,1550 466,1550 465,1549 457,1549 456,1548 456,1547 453,1545 452,1545 451,1544 441,1544 440,1545 439,1545 438,1546 437,1546 436,1548 435,1548 431,1552 425,1552 424,1553 416,1554 415,1555 407,1555 406,1556 394,1556 393,1557 335,1557 334,1558 332,1558 331,1557 322,1558 321,1559 316,1559 315,1558 291,1558 290,1557 242,1557 241,1556 227,1557 226,1556 226,1552 225,1551 225,1550 222,1548 221,1548 220,1547 219,1547 218,1546 208,1546"/>
                <pc:Baseline points="175,1599 1226,1591"/>
                <pc:TextEquiv conf="0.999663114547729">
                    <pc:Unicode>ihm zu melden; der Alte, ein wahres Kabi—</pc:Unicode>
                </pc:TextEquiv>
            </pc:TextLine>
            <pc:TextLine id="OCR-D-BIN-DENOISE-DESKEW_0007_region0002_line0017">
                <pc:AlternativeImage filename="OCR-D-SEG-LINE-RESEG-DEWARP/OCR-D-SEG-LINE-RESEG-DEWARP_0007_OCR-D-BIN-DENOISE-DESKEW_0007_region0002_OCR-D-BIN-DENOISE-DESKEW_0007_region0002_line0017.IMG-DEWARP.png" comments="binarized,despeckled,dewarped"/>
                <pc:Coords points="311,1619 310,1619 308,1621 287,1621 286,1622 281,1622 280,1623 276,1623 275,1624 273,1624 272,1625 270,1625 269,1626 268,1626 267,1627 266,1627 264,1629 263,1629 262,1630 259,1630 258,1631 254,1631 253,1632 251,1632 250,1631 241,1631 240,1632 239,1632 238,1633 233,1633 232,1634 218,1635 217,1636 194,1636 193,1637 185,1637 176,1646 175,1646 175,1647 176,1647 176,1673 177,1674 177,1677 177,1680 178,1681 179,1681 180,1682 181,1683 182,1683 184,1685 185,1686 186,1686 187,1687 188,1688 245,1687 246,1688 271,1688 272,1689 272,1691 273,1692 273,1693 276,1696 277,1696 278,1697 287,1697 288,1696 289,1696 292,1693 292,1692 293,1691 293,1688 294,1687 387,1686 388,1685 413,1685 414,1686 426,1685 427,1684 428,1684 429,1685 462,1685 463,1686 545,1685 546,1684 554,1684 555,1685 564,1685 565,1684 572,1684 573,1685 600,1685 601,1686 619,1686 620,1687 625,1686 627,1688 627,1689 630,1692 631,1692 632,1693 641,1693 642,1692 643,1692 646,1689 646,1688 648,1686 710,1686 711,1687 719,1687 720,1685 839,1684 840,1685 865,1685 866,1686 887,1686 888,1687 888,1688 889,1689 889,1690 891,1692 892,1692 893,1693 894,1693 895,1694 903,1694 904,1693 905,1693 909,1689 909,1688 911,1686 916,1685 917,1684 944,1684 945,1683 990,1683 991,1684 1030,1683 1031,1684 1057,1684 1058,1685 1074,1685 1075,1686 1075,1687 1078,1690 1079,1690 1080,1691 1091,1691 1092,1690 1093,1690 1098,1685 1176,1684 1177,1685 1179,1685 1188,1685 1189,1684 1197,1684 1198,1684 1199,1683 1213,1682 1213,1682 1213,1634 1207,1634 1206,1633 1198,1633 1196,1631 1196,1630 1194,1628 1193,1628 1192,1627 1182,1627 1181,1628 1180,1628 1177,1631 1177,1632 1176,1633 1134,1633 1133,1632 1124,1632 1123,1631 1117,1631 1116,1630 1107,1631 1106,1630 1099,1630 1098,1629 1098,1627 1097,1626 1097,1625 1095,1623 1094,1623 1093,1622 1092,1622 1091,1621 1080,1621 1079,1622 1076,1622 1075,1623 1073,1623 1072,1624 1071,1624 1070,1625 1069,1625 1067,1627 1067,1628 1066,1629 1063,1629 1060,1626 1059,1626 1058,1625 1047,1625 1045,1623 1044,1623 1043,1622 1032,1622 1031,1623 1030,1623 1029,1624 1028,1624 1027,1625 1026,1625 1023,1628 1019,1628 1016,1625 1015,1625 1014,1624 1004,1625 1003,1626 1002,1626 998,1630 989,1630 988,1631 977,1631 976,1632 961,1632 960,1633 947,1633 946,1632 930,1632 929,1631 919,1631 918,1630 918,1629 917,1628 917,1627 914,1625 913,1625 912,1624 910,1624 909,1623 898,1623 897,1624 896,1624 895,1625 894,1625 892,1627 892,1628 890,1630 890,1631 889,1632 865,1632 864,1633 853,1633 852,1632 852,1631 850,1629 849,1629 848,1628 847,1628 846,1627 837,1627 836,1628 835,1628 832,1631 832,1632 830,1634 816,1635 815,1634 807,1634 806,1635 805,1635 804,1634 744,1634 743,1633 722,1633 721,1632 712,1633 711,1632 706,1632 705,1631 704,1631 703,1630 703,1629 699,1625 698,1625 697,1624 684,1624 683,1625 676,1625 675,1626 674,1626 672,1628 672,1629 671,1630 649,1630 648,1631 643,1631 642,1632 635,1632 634,1633 612,1634 611,1635 580,1635 579,1634 561,1634 560,1633 552,1633 551,1632 547,1632 546,1631 544,1631 543,1630 542,1630 541,1629 540,1629 539,1628 538,1628 537,1627 536,1627 535,1626 534,1626 533,1625 530,1625 529,1624 525,1624 524,1623 512,1624 511,1623 470,1623 469,1624 458,1624 457,1625 454,1625 453,1626 451,1626 450,1627 449,1627 448,1628 447,1628 446,1629 445,1629 444,1630 443,1630 442,1631 440,1631 439,1632 435,1632 434,1633 426,1633 425,1634 405,1635 404,1634 393,1634 392,1633 383,1633 382,1632 374,1632 373,1631 373,1630 368,1625 367,1625 366,1624 365,1624 364,1623 363,1623 362,1622 359,1622 358,1621 354,1621 353,1620 329,1620 328,1619 327,1619 326,1618 325,1619 324,1618 312,1618"/>
                <pc:Baseline points="177,1678 1227,1672"/>
                <pc:TextEquiv conf="0.995329141616821">
                    <pc:Unicode>netsſtuͤck von Denner, kam mir freundlich ent⸗</pc:Unicode>
                </pc:TextEquiv>
            </pc:TextLine>
            <pc:TextEquiv>
                <pc:Unicode>und das ſuͤßeſte Verlangen der keuſcheſten Liebe
funkelte in der veilchenblauen Tiefe ihres
ſchmachtenden Blickes.
,, Laßt uns gehen,'' ſagte ſie endlich, nach
der ſeligſten Pauſe meines Lebens, wie aus ei—
nem Traume erwacht; und ich ſtand ſchweigend
auf, und ging an ihrem Arme in die ſtillen
Thaͤler hinab. Wir konnten beide eine lange
Weile nicht ſprechen, ſo wohl, ſo unaus—
ſprechlich wohl war uns. Wir waren jetzt
unter einander als Bruder und Schweſter.
Wir hatten uns ohne Worte verſtanden. Die
Liebe bedarf keiner Laute.
Als wir der Wohnung ') des Vaters naͤ—
her kamen, ſprang Mimili voraus, um mich
ihm zu melden; der Alte, ein wahres Kabi—
netsſtuͤck von Denner, kam mir freundlich ent⸗</pc:Unicode>
            </pc:TextEquiv>
        </pc:TextRegion>
        <pc:TextRegion id="OCR-D-BIN-DENOISE-DESKEW_0007_region0003">
            <pc:Coords points="233,1750 227,1751 226,1752 226,1753 225,1754 225,1755 223,1757 223,1758 222,1759 222,1783 223,1784 223,1789 224,1790 224,1796 225,1797 225,1802 226,1803 226,1808 227,1809 227,1815 228,1815 228,1820 229,1821 229,1827 230,1828 230,1833 231,1834 231,1839 232,1840 233,1846 234,1847 234,1852 235,1853 235,1859 236,1860 236,1865 237,1866 237,1871 238,1872 238,1878 239,1879 239,1884 240,1885 240,1891 241,1892 241,1897 242,1898 242,1903 243,1904 243,1910 244,1911 244,1916 245,1917 245,1923 246,1924 246,1929 247,1930 247,1935 248,1936 249,1942 250,1943 250,1948 251,1949 251,1955 252,1956 252,1961 253,1962 253,1967 254,1968 254,1974 255,1975 255,1980 256,1981 256,1987 257,1988 257,1993 258,1994 258,1999 259,2000 259,2006 260,2007 260,2012 261,2013 261,2019 262,2020 262,2025 263,2026 263,2031 264,2032 264,2038 265,2039 266,2044 267,2045 267,2051 268,2052 268,2057 269,2058 269,2063 270,2064 270,2070 271,2071 271,2076 272,2077 272,2080 280,2088 284,2088 285,2089 308,2089 345,2089 719,2089 728,2088 729,2087 738,2087 739,2086 749,2086 750,2085 759,2085 760,2084 769,2084 770,2083 780,2083 781,2082 790,2082 791,2081 800,2081 801,2080 810,2080 811,2079 821,2078 822,2077 831,2077 832,2076 841,2076 842,2075 852,2075 853,2074 862,2074 863,2073 872,2073 873,2072 883,2072 884,2071 893,2071 894,2070 903,2070 904,2069 914,2069 915,2068 924,2067 925,2066 934,2066 935,2065 945,2065 946,2064 955,2064 956,2063 965,2063 966,2062 975,2062 976,2061 986,2061 987,2060 996,2060 997,2059 1006,2059 1007,2058 1017,2057 1018,2056 1027,2056 1028,2055 1037,2055 1038,2054 1048,2054 1049,2053 1058,2053 1059,2052 1068,2052 1069,2051 1079,2051 1080,2050 1089,2050 1090,2049 1099,2049 1100,2048 1110,2048 1111,2047 1120,2046 1121,2045 1130,2045 1131,2044 1140,2044 1141,2043 1151,2043 1152,2042 1161,2042 1162,2041 1171,2041 1172,2040 1182,2040 1183,2039 1192,2039 1193,2038 1202,2038 1203,2037 1209,2037 1213,2032 1213,1753 1204,1754 1203,1753 1188,1753 1187,1752 1172,1752 1171,1751 1156,1751 1155,1750 1140,1750 1139,1749 1124,1749 1123,1748 1108,1749 1107,1748 1092,1748 1091,1747 1076,1747 1075,1746 1060,1746 1059,1745 1044,1745 1043,1744 940,1745 939,1744 748,1746 747,1745 493,1748 492,1747 234,1749"/>
            <pc:TextLine id="OCR-D-BIN-DENOISE-DESKEW_0007_region0003_line0001">
                <pc:AlternativeImage filename="OCR-D-SEG-LINE-RESEG-DEWARP/OCR-D-SEG-LINE-RESEG-DEWARP_0007_OCR-D-BIN-DENOISE-DESKEW_0007_region0003_OCR-D-BIN-DENOISE-DESKEW_0007_region0003_line0001.IMG-DEWARP.png" comments="binarized,despeckled,dewarped"/>
                <pc:Coords points="240,1750 227,1751 227,1752 226,1753 226,1754 225,1755 224,1756 224,1757 223,1758 223,1759 222,1760 222,1780 223,1781 224,1781 229,1785 230,1785 233,1788 246,1788 247,1787 249,1787 251,1789 250,1790 249,1790 248,1791 247,1791 245,1793 245,1794 244,1795 244,1806 245,1807 245,1808 246,1809 246,1810 247,1811 249,1811 250,1812 260,1812 261,1811 264,1811 266,1809 279,1809 280,1808 291,1808 292,1809 295,1809 296,1808 302,1808 303,1807 312,1807 313,1806 337,1805 338,1804 372,1804 373,1803 374,1803 375,1804 383,1804 384,1803 387,1803 388,1804 397,1804 398,1803 399,1804 445,1803 446,1804 485,1804 486,1805 503,1805 504,1806 513,1806 514,1805 536,1804 537,1805 540,1805 543,1808 544,1808 545,1809 555,1809 556,1808 557,1808 560,1805 583,1805 584,1806 600,1806 601,1805 620,1805 621,1804 835,1801 837,1803 837,1804 840,1804 841,1805 845,1805 846,1806 850,1806 851,1805 860,1805 861,1804 862,1804 863,1803 863,1802 864,1801 867,1801 868,1802 904,1802 905,1803 972,1802 976,1806 977,1806 978,1807 988,1807 989,1806 990,1806 992,1804 992,1803 993,1802 1071,1801 1072,1802 1099,1802 1102,1805 1103,1805 1104,1806 1114,1805 1115,1804 1116,1804 1119,1801 1169,1801 1170,1802 1213,1801 1213,1754 1148,1755 1147,1754 1139,1754 1138,1755 1109,1756 1108,1755 1087,1755 1086,1754 1077,1754 1076,1753 1070,1753 1069,1752 1064,1752 1063,1751 1059,1751 1058,1750 1053,1750 1052,1749 1050,1749 1049,1748 1048,1748 1047,1747 1046,1747 1045,1746 1038,1746 1037,1745 1036,1745 1035,1744 1025,1744 1025,1745 1024,1745 1023,1746 1022,1746 1020,1748 1003,1749 1002,1748 1000,1748 999,1747 998,1747 997,1746 996,1746 995,1745 985,1745 984,1746 983,1746 978,1751 967,1751 966,1750 963,1750 962,1749 958,1749 957,1748 953,1748 952,1747 947,1747 946,1746 930,1746 929,1745 917,1745 916,1747 882,1747 881,1748 877,1748 876,1749 873,1749 872,1750 871,1750 870,1751 868,1751 867,1752 866,1752 865,1753 862,1753 861,1754 857,1754 856,1755 847,1755 846,1754 846,1751 845,1750 845,1749 842,1746 841,1746 840,1745 829,1745 829,1746 828,1746 824,1750 824,1751 823,1752 823,1753 822,1754 820,1754 819,1753 819,1752 818,1752 818,1751 816,1749 815,1749 814,1748 803,1748 802,1749 801,1749 799,1751 799,1752 798,1753 798,1754 797,1755 771,1755 770,1754 761,1754 759,1752 759,1751 757,1749 756,1749 755,1748 741,1748 740,1749 738,1749 737,1750 736,1750 733,1753 731,1753 730,1752 730,1751 729,1750 729,1749 727,1747 726,1747 725,1746 715,1747 714,1748 713,1748 712,1749 708,1749 707,1750 706,1750 702,1754 692,1754 691,1755 681,1755 680,1756 665,1756 664,1757 660,1757 659,1756 659,1754 658,1753 658,1752 653,1747 652,1747 651,1746 642,1746 642,1747 641,1747 636,1752 636,1753 635,1754 635,1755 634,1756 625,1756 624,1755 617,1756 616,1755 610,1755 609,1754 606,1754 605,1753 604,1753 603,1752 603,1751 600,1748 599,1748 598,1747 586,1747 585,1748 584,1748 583,1749 571,1749 570,1748 567,1748 566,1747 554,1747 554,1748 547,1748 546,1749 539,1749 538,1750 532,1750 531,1751 529,1751 528,1752 527,1752 526,1753 525,1753 524,1754 522,1755 521,1756 518,1756 517,1757 510,1757 509,1758 493,1758 492,1757 455,1757 454,1756 453,1756 452,1755 444,1755 443,1756 441,1756 440,1755 432,1755 431,1756 430,1756 429,1757 386,1758 385,1757 376,1757 375,1756 371,1756 370,1755 368,1755 367,1754 365,1754 364,1753 362,1753 361,1752 359,1752 358,1751 355,1751 354,1750 348,1750 347,1749 334,1749 333,1748 308,1748 275,1749 274,1750 250,1750 249,1749 241,1749"/>
                <pc:Baseline points="264,1793 1228,1791"/>
                <pc:TextEquiv conf="0.99182915687561">
                    <pc:Unicode>*) Wenn man ſich eine lebendige Vorſtellung von</pc:Unicode>
                </pc:TextEquiv>
            </pc:TextLine>
            <pc:TextLine id="OCR-D-BIN-DENOISE-DESKEW_0007_region0003_line0002">
                <pc:AlternativeImage filename="OCR-D-SEG-LINE-RESEG-DEWARP/OCR-D-SEG-LINE-RESEG-DEWARP_0007_OCR-D-BIN-DENOISE-DESKEW_0007_region0003_OCR-D-BIN-DENOISE-DESKEW_0007_region0003_line0002.IMG-DEWARP.png" comments="binarized,despeckled,dewarped"/>
                <pc:Coords points="430,1806 429,1806 427,1808 426,1808 425,1807 417,1808 416,1807 340,1807 339,1808 332,1808 331,1809 326,1810 325,1811 321,1811 320,1812 315,1812 314,1813 296,1813 295,1812 295,1811 294,1810 292,1810 291,1809 280,1809 279,1810 277,1810 275,1812 261,1812 260,1813 250,1813 249,1812 240,1812 237,1815 237,1816 236,1817 236,1818 234,1820 234,1821 233,1822 233,1824 234,1825 234,1827 235,1828 235,1829 236,1830 236,1832 237,1833 237,1834 239,1836 239,1837 241,1839 241,1840 246,1844 246,1845 250,1849 252,1849 253,1850 253,1851 254,1852 254,1853 255,1854 256,1854 257,1855 259,1855 261,1857 262,1857 263,1858 264,1858 266,1860 267,1860 269,1862 286,1862 287,1863 295,1863 296,1862 313,1862 314,1861 340,1860 341,1861 410,1861 411,1860 432,1859 433,1860 434,1860 435,1861 443,1861 444,1860 445,1860 446,1859 450,1859 451,1860 485,1860 486,1861 515,1861 516,1862 521,1862 524,1864 525,1864 526,1865 527,1865 528,1866 539,1866 540,1865 542,1865 543,1864 545,1864 546,1863 547,1863 549,1861 572,1861 573,1860 606,1860 607,1859 645,1858 646,1859 647,1859 648,1860 657,1860 658,1859 720,1859 721,1859 729,1859 730,1858 795,1858 796,1859 813,1859 814,1860 842,1859 843,1860 859,1860 860,1859 904,1859 905,1858 921,1857 922,1858 936,1858 937,1859 952,1859 953,1860 967,1860 970,1863 971,1863 972,1864 984,1864 985,1863 986,1863 989,1860 1015,1860 1016,1858 1045,1858 1046,1857 1089,1857 1090,1858 1100,1858 1101,1857 1139,1856 1140,1857 1178,1857 1179,1858 1213,1857 1213,1811 1186,1812 1185,1811 1155,1811 1154,1810 1132,1810 1131,1809 1099,1810 1095,1806 1094,1806 1093,1805 1084,1805 1083,1806 1082,1806 1081,1807 1080,1807 1077,1810 1043,1810 1042,1809 1042,1807 1041,1806 1041,1805 1039,1803 1038,1803 1037,1802 1027,1802 1026,1803 1025,1803 1024,1804 1020,1804 1019,1805 1018,1805 1016,1807 1016,1808 1014,1811 982,1811 981,1812 978,1812 977,1811 977,1808 972,1803 959,1803 954,1808 954,1809 953,1810 953,1811 952,1812 947,1812 946,1811 932,1811 931,1810 922,1810 921,1809 914,1810 913,1809 908,1809 907,1808 907,1807 904,1804 903,1804 902,1803 890,1803 889,1804 887,1804 886,1805 885,1805 884,1806 863,1806 862,1805 861,1805 860,1806 851,1806 850,1807 846,1807 845,1806 841,1806 840,1805 836,1805 835,1806 826,1806 825,1807 818,1807 817,1809 812,1809 811,1810 806,1810 805,1811 798,1811 797,1812 763,1812 762,1811 762,1810 761,1809 761,1808 759,1806 758,1806 757,1805 746,1805 745,1806 744,1806 741,1809 741,1810 739,1812 738,1812 737,1811 737,1809 736,1808 736,1807 735,1806 735,1805 733,1803 719,1804 715,1808 715,1809 714,1810 714,1811 713,1812 667,1812 663,1808 662,1808 661,1807 649,1807 648,1808 647,1808 643,1812 623,1812 622,1813 605,1814 604,1813 604,1811 603,1810 603,1809 601,1807 584,1807 582,1809 582,1810 581,1811 581,1812 580,1813 580,1814 579,1815 544,1815 543,1814 493,1815 492,1814 473,1814 472,1813 461,1813 460,1812 452,1812 451,1811 448,1811 446,1809 446,1808 444,1806 443,1806 442,1805 431,1805"/>
                <pc:Baseline points="254,1852 1229,1846"/>
                <pc:TextEquiv conf="0.99962991476059">
                    <pc:Unicode>der Wohnung eines reichen Schweizerlandman⸗</pc:Unicode>
                </pc:TextEquiv>
            </pc:TextLine>
            <pc:TextLine id="OCR-D-BIN-DENOISE-DESKEW_0007_region0003_line0003">
                <pc:AlternativeImage filename="OCR-D-SEG-LINE-RESEG-DEWARP/OCR-D-SEG-LINE-RESEG-DEWARP_0007_OCR-D-BIN-DENOISE-DESKEW_0007_region0003_OCR-D-BIN-DENOISE-DESKEW_0007_region0003_line0003.IMG-DEWARP.png" comments="binarized,despeckled,dewarped"/>
                <pc:Coords points="454,1862 453,1862 452,1863 451,1863 450,1864 449,1864 448,1865 447,1865 443,1869 399,1870 398,1869 379,1869 378,1868 352,1868 350,1866 349,1866 348,1865 347,1865 346,1864 334,1864 333,1865 332,1865 330,1867 330,1868 329,1869 313,1870 312,1871 295,1871 294,1872 272,1872 271,1873 271,1874 267,1878 267,1879 265,1881 265,1886 266,1887 266,1896 267,1897 267,1908 275,1916 282,1916 283,1917 288,1917 289,1918 290,1918 291,1917 296,1917 297,1916 298,1917 307,1917 308,1916 332,1915 333,1916 368,1916 369,1917 420,1917 421,1918 450,1917 451,1918 459,1918 460,1917 474,1917 475,1916 538,1915 539,1916 583,1916 584,1917 616,1917 618,1919 619,1919 620,1920 630,1919 631,1918 632,1918 634,1916 707,1916 708,1917 731,1916 734,1919 735,1919 736,1920 745,1920 746,1919 747,1919 750,1916 783,1916 784,1915 840,1914 841,1915 990,1914 991,1915 999,1915 1000,1914 1021,1913 1022,1914 1093,1914 1094,1915 1094,1916 1096,1918 1097,1918 1098,1919 1107,1919 1108,1918 1110,1918 1111,1917 1114,1916 1115,1915 1117,1915 1118,1914 1140,1914 1141,1915 1149,1915 1150,1914 1169,1914 1170,1915 1171,1915 1172,1916 1182,1916 1183,1915 1184,1915 1185,1914 1213,1913 1213,1866 1203,1867 1202,1866 1187,1866 1185,1864 1185,1863 1182,1860 1181,1860 1180,1859 1169,1859 1168,1860 1167,1860 1166,1861 1165,1861 1164,1862 1163,1862 1161,1864 1158,1864 1156,1862 1156,1861 1154,1859 1153,1859 1152,1858 1141,1858 1140,1859 1139,1858 1128,1858 1127,1857 1112,1858 1111,1859 1105,1859 1104,1860 1103,1860 1102,1861 1101,1861 1098,1864 1091,1864 1090,1865 1079,1865 1078,1866 1019,1866 1018,1867 1000,1868 999,1867 986,1867 985,1866 962,1866 960,1864 959,1864 958,1863 957,1863 956,1862 955,1862 954,1861 946,1861 945,1862 944,1862 943,1863 942,1863 939,1866 934,1866 933,1865 906,1866 903,1863 902,1863 901,1862 890,1862 889,1863 888,1863 885,1866 865,1866 864,1867 851,1867 850,1868 820,1868 819,1867 790,1868 789,1867 762,1867 760,1865 760,1864 758,1862 757,1862 756,1861 753,1861 752,1860 751,1860 750,1859 741,1859 740,1860 739,1860 732,1867 714,1868 713,1869 672,1869 671,1868 664,1868 663,1867 659,1867 658,1866 655,1866 654,1865 650,1865 649,1864 620,1865 618,1863 617,1863 616,1862 608,1862 607,1863 606,1862 595,1862 594,1863 593,1862 592,1862 591,1861 579,1861 573,1867 570,1867 569,1868 557,1868 556,1869 523,1870 522,1871 505,1871 504,1870 482,1870 481,1869 473,1869 472,1868 472,1867 471,1866 471,1865 468,1862 467,1862 466,1861 455,1861"/>
                <pc:Baseline points="267,1905 1229,1902"/>
                <pc:TextEquiv conf="0.99981027841568">
                    <pc:Unicode>nes machen will, muß man das vortreffliche</pc:Unicode>
                </pc:TextEquiv>
            </pc:TextLine>
            <pc:TextLine id="OCR-D-BIN-DENOISE-DESKEW_0007_region0003_line0004">
                <pc:AlternativeImage filename="OCR-D-SEG-LINE-RESEG-DEWARP/OCR-D-SEG-LINE-RESEG-DEWARP_0007_OCR-D-BIN-DENOISE-DESKEW_0007_region0003_OCR-D-BIN-DENOISE-DESKEW_0007_region0003_line0004.IMG-DEWARP.png" comments="binarized,despeckled,dewarped"/>
                <pc:Coords points="267,1927 267,1936 268,1937 269,1954 270,1955 270,1966 278,1974 298,1974 299,1975 310,1975 311,1974 419,1973 420,1972 425,1972 426,1972 556,1971 557,1972 598,1972 599,1973 621,1973 624,1975 625,1975 626,1976 627,1976 628,1977 638,1977 639,1976 640,1976 642,1974 642,1973 643,1972 647,1972 648,1971 685,1971 686,1970 808,1969 809,1970 868,1969 869,1970 906,1970 907,1971 907,1974 908,1974 909,1975 912,1975 913,1976 921,1975 922,1976 926,1976 927,1977 928,1977 934,1971 934,1970 935,1969 954,1969 955,1970 955,1974 956,1975 956,1976 959,1979 964,1979 965,1980 972,1980 973,1979 974,1979 978,1975 978,1974 980,1972 980,1971 982,1969 1088,1968 1089,1969 1154,1968 1155,1969 1169,1969 1170,1970 1177,1970 1178,1971 1178,1972 1179,1973 1179,1974 1181,1976 1186,1976 1187,1975 1198,1975 1199,1974 1200,1974 1203,1971 1213,1970 1213,1920 1204,1921 1203,1920 1202,1920 1200,1918 1199,1918 1198,1917 1186,1917 1185,1918 1184,1918 1181,1921 1181,1922 1180,1923 1180,1924 1179,1925 1174,1925 1173,1926 1165,1926 1164,1927 1131,1927 1130,1926 1130,1920 1129,1919 1129,1918 1127,1916 1126,1916 1125,1915 1118,1915 1117,1916 1115,1916 1114,1917 1111,1918 1110,1919 1109,1919 1108,1920 1108,1921 1107,1922 1107,1926 1106,1927 974,1928 973,1929 953,1929 952,1928 881,1929 880,1928 880,1924 879,1923 879,1922 875,1918 874,1918 873,1917 861,1917 860,1918 859,1918 858,1919 857,1919 855,1921 855,1922 854,1923 854,1928 853,1929 852,1929 851,1928 772,1929 771,1928 771,1923 770,1922 770,1921 767,1918 766,1918 765,1917 754,1917 753,1918 752,1918 749,1921 749,1922 748,1923 748,1928 747,1929 686,1930 685,1929 678,1929 677,1928 675,1928 674,1927 673,1927 671,1925 670,1925 669,1924 668,1924 667,1923 666,1923 665,1922 663,1922 662,1921 655,1921 651,1917 634,1917 631,1920 626,1920 625,1921 610,1922 609,1923 596,1923 595,1924 574,1924 571,1921 570,1921 569,1920 560,1920 559,1921 558,1921 556,1923 550,1923 549,1922 544,1922 543,1921 542,1921 538,1917 537,1917 536,1916 526,1916 525,1917 523,1918 522,1917 514,1917 513,1918 509,1918 508,1917 492,1917 491,1918 490,1918 488,1920 482,1920 481,1921 475,1921 474,1922 471,1922 470,1923 467,1923 466,1924 461,1924 460,1925 453,1925 452,1926 436,1926 435,1925 419,1926 418,1925 395,1925 393,1923 392,1923 391,1922 382,1922 381,1923 380,1923 379,1924 375,1924 374,1923 360,1923 359,1922 354,1922 353,1921 348,1921 347,1920 344,1920 342,1918 341,1918 340,1917 331,1917 330,1918 302,1919 301,1918 291,1918 290,1919 289,1919 288,1918 276,1918"/>
                <pc:Baseline points="270,1963 1230,1959"/>
                <pc:TextEquiv conf="0.984713852405548">
                    <pc:Unicode>Blatt von Rieter (la maison de paysan suisse)</pc:Unicode>
                </pc:TextEquiv>
            </pc:TextLine>
            <pc:TextLine id="OCR-D-BIN-DENOISE-DESKEW_0007_region0003_line0005">
                <pc:AlternativeImage filename="OCR-D-SEG-LINE-RESEG-DEWARP/OCR-D-SEG-LINE-RESEG-DEWARP_0007_OCR-D-BIN-DENOISE-DESKEW_0007_region0003_OCR-D-BIN-DENOISE-DESKEW_0007_region0003_line0005.IMG-DEWARP.png" comments="binarized,despeckled,dewarped"/>
                <pc:Coords points="376,1976 373,1976 372,1977 371,1977 370,1978 369,1978 367,1980 342,1980 341,1981 319,1982 318,1983 279,1983 270,1992 270,2024 278,2032 283,2032 284,2033 294,2033 295,2032 302,2032 303,2031 329,2030 330,2031 343,2031 344,2030 353,2030 354,2031 356,2031 357,2032 368,2032 369,2033 369,2034 370,2035 370,2036 372,2038 374,2038 376,2039 392,2039 394,2036 394,2035 395,2034 395,2033 396,2032 401,2032 402,2031 409,2031 410,2030 418,2030 419,2029 453,2028 454,2029 462,2029 463,2028 487,2028 488,2029 497,2029 498,2028 586,2027 587,2026 607,2026 608,2027 616,2027 617,2026 618,2026 619,2027 637,2026 639,2028 640,2028 641,2029 643,2029 644,2030 646,2030 647,2031 653,2031 654,2030 655,2030 657,2028 677,2028 678,2029 713,2029 714,2030 740,2029 741,2030 768,2030 772,2034 773,2034 774,2035 783,2035 784,2034 785,2034 788,2031 801,2031 802,2032 810,2032 811,2033 819,2032 820,2033 832,2033 833,2034 852,2034 853,2035 862,2035 863,2034 879,2034 880,2033 895,2033 896,2032 909,2032 910,2031 967,2030 968,2029 1046,2028 1047,2029 1080,2029 1081,2030 1088,2030 1092,2034 1093,2034 1094,2035 1105,2035 1106,2034 1107,2034 1109,2032 1109,2031 1111,2029 1134,2028 1135,2029 1141,2029 1142,2030 1142,2031 1144,2033 1145,2033 1146,2034 1147,2034 1149,2035 1152,2035 1153,2036 1156,2036 1157,2037 1158,2037 1159,2038 1174,2038 1175,2037 1203,2037 1208,2037 1209,2036 1210,2036 1210,2035 1211,2034 1211,2033 1212,2032 1212,2020 1213,2018 1213,1971 1203,1972 1200,1975 1199,1975 1198,1976 1187,1976 1186,1977 1180,1977 1179,1978 1175,1978 1174,1979 1169,1979 1168,1980 1163,1980 1162,1981 1152,1981 1151,1980 1145,1980 1144,1979 1138,1979 1137,1978 1124,1978 1123,1977 1123,1976 1120,1973 1119,1973 1118,1972 1115,1972 1114,1972 1102,1972 1101,1973 1100,1973 1099,1974 1097,1974 1095,1972 1094,1972 1093,1971 1084,1971 1083,1972 1082,1972 1078,1976 1078,1977 1076,1979 1059,1979 1057,1977 1057,1976 1055,1974 1054,1974 1053,1973 1041,1973 1040,1974 1039,1974 1037,1976 1037,1977 1035,1979 1012,1980 1011,1981 965,1981 964,1980 958,1980 957,1979 948,1979 947,1978 947,1977 946,1976 946,1975 944,1973 943,1973 942,1972 934,1972 928,1978 927,1978 926,1977 922,1977 921,1976 913,1977 912,1976 909,1976 908,1975 905,1975 904,1976 903,1976 901,1978 880,1978 879,1979 834,1979 833,1978 832,1978 831,1977 821,1977 820,1978 811,1979 810,1978 803,1978 800,1975 799,1975 798,1974 795,1974 794,1973 781,1973 780,1974 779,1974 778,1975 757,1975 756,1974 755,1974 754,1973 753,1973 752,1972 751,1972 750,1971 740,1971 739,1972 738,1972 736,1974 733,1974 732,1975 717,1976 716,1975 704,1975 703,1976 702,1976 701,1977 697,1977 696,1978 690,1978 689,1979 682,1979 681,1980 673,1980 672,1981 604,1982 603,1981 550,1981 549,1980 549,1978 548,1977 548,1976 546,1974 545,1974 544,1973 536,1973 535,1974 534,1974 533,1975 529,1975 528,1976 527,1976 525,1978 525,1979 523,1982 477,1982 476,1981 464,1981 460,1977 459,1977 458,1976 447,1976 446,1977 445,1977 441,1981 434,1981 433,1982 427,1982 426,1981 410,1982 409,1981 393,1981 392,1980 392,1979 389,1976 388,1976 387,1975 377,1975"/>
                <pc:Baseline points="270,2021 633,2015 844,2023 1185,2020 1230,2009"/>
                <pc:TextEquiv conf="0.968113601207733">
                    <pc:Unicode>zur Hand nehmen; es koſtet 32 Liv. und iſt 19'</pc:Unicode>
                </pc:TextEquiv>
            </pc:TextLine>
            <pc:TextLine id="OCR-D-BIN-DENOISE-DESKEW_0007_region0003_line0006">
                <pc:AlternativeImage filename="OCR-D-SEG-LINE-RESEG-DEWARP/OCR-D-SEG-LINE-RESEG-DEWARP_0007_OCR-D-BIN-DENOISE-DESKEW_0007_region0003_OCR-D-BIN-DENOISE-DESKEW_0007_region0003_line0006.IMG-DEWARP.png" comments="binarized,despeckled,dewarped"/>
                <pc:Coords points="343,2032 340,2032 339,2033 339,2034 338,2035 338,2036 336,2038 320,2039 319,2038 305,2038 304,2037 304,2036 303,2035 303,2034 302,2033 295,2033 294,2034 284,2034 283,2033 282,2034 281,2034 279,2036 279,2037 271,2046 271,2071 272,2072 272,2077 272,2080 280,2088 284,2088 289,2088 290,2089 298,2089 299,2088 321,2088 322,2089 341,2088 342,2089 345,2089 353,2089 354,2088 355,2088 356,2089 366,2089 367,2088 488,2087 489,2088 507,2088 508,2089 527,2089 529,2087 545,2087 546,2086 554,2086 555,2085 557,2085 558,2086 568,2086 570,2088 570,2089 592,2089 593,2088 602,2088 603,2089 619,2089 630,2089 714,2089 715,2089 717,2087 717,2086 718,2085 718,2083 719,2082 721,2082 722,2080 723,2080 725,2078 725,2077 726,2076 726,2042 725,2041 725,2040 723,2038 722,2038 721,2038 714,2038 712,2037 689,2037 688,2036 651,2036 649,2034 649,2033 648,2032 647,2032 646,2031 644,2031 643,2030 641,2030 640,2029 635,2029 634,2030 633,2030 632,2031 631,2031 625,2037 600,2038 598,2037 591,2037 589,2035 589,2034 587,2032 586,2032 585,2031 575,2031 574,2032 573,2032 572,2033 570,2033 569,2034 568,2034 566,2036 559,2036 557,2034 556,2034 555,2033 546,2033 545,2034 544,2033 543,2033 542,2032 532,2032 531,2033 530,2033 527,2036 514,2037 513,2038 512,2038 512,2039 507,2039 506,2040 494,2040 493,2039 483,2039 481,2038 457,2038 456,2037 456,2036 455,2035 455,2034 453,2032 452,2032 451,2031 440,2031 439,2032 438,2032 434,2036 434,2037 433,2038 406,2039 405,2040 376,2040 375,2039 371,2039 369,2038 368,2038 367,2037 361,2037 360,2036 360,2035 359,2034 359,2033 357,2033 356,2032 354,2032 353,2031 344,2031"/>
                <pc:Baseline points="272,2078 724,2079"/>
                <pc:TextEquiv conf="0.959571540355682">
                    <pc:Unicode>breit und 14'' hoch.</pc:Unicode>
                </pc:TextEquiv>
            </pc:TextLine>
            <pc:TextEquiv>
                <pc:Unicode>*) Wenn man ſich eine lebendige Vorſtellung von
der Wohnung eines reichen Schweizerlandman⸗
nes machen will, muß man das vortreffliche
Blatt von Rieter (la maison de paysan suisse)
zur Hand nehmen; es koſtet 32 Liv. und iſt 19'
breit und 14'' hoch.</pc:Unicode>
            </pc:TextEquiv>
        </pc:TextRegion>
    </pc:Page>
</pc:PcGts>
