1318 2366
400 241 891 295 — 13 —
160 328 1201 425 , Niemer*),'' antwortete er, ,aber zu
147 407 1201 504 Abig ) kommt oft die Jungfer herauf und
147 505 506 589 ſchlaͤft hier.''
170 575 863 663 ,,Wer iſt die Jungfer?
230 651 1084 745 ,,Die Tochter meines Herrn. *—
171 728 1201 826 Jch ſprang auf; der Senner ging ihr ent—
150 805 1201 903 gegen; — noch ſah ich ſie nicht, der Weg
152 885 1201 980 kam hinter der Huͤtte herauf, — ſie rief ihm
156 970 1201 1057 mit einer ſehr wohlklingenden Stimme zu:
156 1041 1201 1142 , guten Abend Ruͤtli, ich werde heut bei Euch
155 1125 1166 1217 bleiben, es ſchonet, und s'iſt ſchanklik).''
179 1204 1201 1292 Der Senner mußte ihr von mir ſagen;
160 1284 1201 1374 denn ich hoͤrte, daß er vom Außerer ri)
164 1354 1201 1460 ſprach; ſie ward ſtill, und wahrſcheinlich zoͤ—
253 1515 586 1580 ) Niemand.
169 1605 526 1671 **) Abend.
148 1667 1201 1751 **) Die Senner ſind bekanntlich nur die Hirten
263 1725 1201 1803 der Kuͤhe, die wohlhabenden Alpenbeſitzern
259 1798 554 1864 gehoͤren.
183 1859 1201 1944 7 Der Abend iſt ſchoͤn, und es iſt der Anſchein
264 1920 1142 1996 da, daß es morgen auch gut Wetter iſt.
168 2021 811 2089 7) Von einem Fremden.
