1530 2382
355 1244 469 1311 Fleiß
485 1256 519 1303 zu
540 1244 742 1311 ermuntern,
732 1251 807 1330 als
826 1258 931 1326 ihnen
931 1252 995 1320 den
1009 1256 1187 1316 Anfangs

359 148 469 224 106
493 167 569 256 III.
596 167 705 256 Abſch.
730 167 790 256 von
811 167 990 256 Anlegung
1012 167 1075 256 und
1101 167 1298 256 Gruͤndung

372 272 605 341 werksgerathe
617 278 747 332 gekoſtet
758 276 825 340 hat
841 270 895 341 und
914 270 968 341 daß
977 279 1053 321 man
1064 276 1168 331 ihnen
1170 276 1235 319 die
1229 278 1337 329 ubrige

374 342 497 391 Helfte
501 344 582 403 nach
601 333 668 401 und
671 342 752 386 nach
757 336 831 383 alle
826 330 940 409 Jahre
948 335 1065 382 etwas
1069 339 1225 393 weniges
1228 342 1337 403 bezah⸗

354 400 432 443 len
448 398 554 454 laͤßt;
571 395 665 454 indem
688 395 747 454 man
752 395 963 449 dadurch
915 395 969 454 ein
985 395 1074 454 Recht
1090 395 1231 454 behalten
1237 397 1337 452 wird,

379 465 441 515 auf
459 454 685 517 unordentliche
705 459 812 517 Wirthe
831 454 1011 517 aufmerkſam
1029 454 1065 517 zu
1077 454 1143 517 ſeyn
1161 454 1215 517 daß
1227 454 1262 517 ſie
1287 454 1337 517 das

378 525 704 575 Handwerksgeraͤthe
715 529 797 572 nicht
809 527 984 575 veraͤußern
1007 525 1133 575 duͤrfen.
1169 524 1296 565 Wenn
1287 522 1338 575 ſie

376 598 449 627 nun
471 586 692 634 ſolchergeſtalt
704 599 743 637 zu
763 589 898 629 arbeiten
917 589 953 630 in
978 587 1099 630 Stand
1125 586 1239 637 geſetzet
1251 586 1338 638 ſind;

376 650 412 697 ſo
430 645 547 693 muͤſſen
569 646 606 695 ſie
621 656 716 700 gegen
734 651 874 707 kunftige
891 650 1084 707 Bezahlung
1102 650 1162 691 mit
1176 652 1270 689 denen
1287 648 1364 689 er⸗

232 708 359 731 ſeen
465 699 670 763 Materialien
682 699 825 763 verſehen
829 699 978 763 werden,
998 710 1038 750 um
1057 699 1137 763 ihre
1156 699 1261 753 Arbeit
1277 717 1338 752 an⸗

374 766 508 817 fkangen
518 766 568 817 zu
571 768 717 817 koͤnnen,
740 761 862 809 davon
873 760 945 809 wir
942 759 1339 832 ſogleich
1115 759 1163 832 bey
1189 759 1338 832 Gelegen⸗

299 830 444 885 heit
456 829 515 873 des
529 829 869 885 Manufacturhauſes
879 832 915 874 in
930 831 1092 884 mehrern
1091 827 1251 883 handeln
1252 824 1368 871 wer⸗

351 890 480 935 den.
486 888 635 976 Enblich
658 896 728 972 aber
728 896 832 970 wird
823 894 868 963 es
889 888 1004 972 nöchig
1014 887 1108 973 ſeyn,,
1112 894 1193 960 daß
1200 893 1264 966 die
1266 891 1336 954 Re⸗

371 953 522 1006 gierung
554 953 557 966 ein

351 1016 427 1055 de
444 974 533 1080 erſen
559 1028 560 1029 s
594 974 692 1080 Jahrs
718 978 787 1072 uber
806 1018 833 1057 ai
868 1008 883 1065 g
883 1002 1011 1074 ewiſſes
1029 1002 1179 1074 Praͤmium
1203 1013 1263 1058 vor
1293 1002 1330 1074 ein

350 1072 461 1123 jedes
482 1069 606 1119 Stuck
608 1069 852 1132 Seibenzeug,
865 1074 961 1123 Tuch
974 1076 1038 1119 und
1053 1069 1137 1127 feine
1151 1063 1340 1132 Leinewand,

371 1140 423 1179 die
450 1138 535 1184 nach
545 1135 744 1193 Vorſchrift
750 1141 814 1181 der
818 1138 1037 1193 Reglements
1058 1133 1254 1193 verfertiget
1254 1130 1338 1187 ſind,

369 1197 573 1249 auszahlet,
578 1194 700 1251 ſowohl
724 1194 792 1243 um
796 1201 880 1250 dieſe
891 1197 1030 1252 Meiſter
1039 1194 1074 1276 zu
1093 1194 1187 1276 deſto
1186 1197 1334 1279 mehrern

368 1317 466 1373 Lohn
481 1309 537 1373 der
542 1312 752 1366 Spinnerey
757 1309 953 1371 ubertragen
958 1317 1009 1368 zu
1011 1310 1164 1373 helfen.
1171 1315 1234 1363 Es
1242 1310 1334 1364 wied

351 1373 487 1429 genug
486 1368 569 1433 ſeyn
593 1375 662 1417 wenn
685 1377 727 1427 ſie
740 1376 807 1432 vor
811 1371 900 1425 jedes
905 1377 1018 1421 Stück
1043 1368 1240 1433 Seidenzeug,
1258 1369 1335 1433 Tuch

351 1441 442 1482 und
453 1439 535 1507 feine
548 1438 728 1496 Leinewand
736 1439 817 1491 zwey
825 1437 970 1509 Rthaler
978 1433 1177 1518 Präͤmium
1178 1436 1334 1518 bezahlet;

349 1505 443 1546 und
461 1500 570 1547 wenn
576 1500 656 1546 man
662 1503 871 1556 annimmt,
872 1505 969 1557 daß
961 1505 1031 1549 von
1041 1500 1166 1556 ſolchen
1179 1505 1333 1564 neuange⸗

368 1562 492 1623 benden
509 1560 806 1635 Manufacturiers
819 1568 972 1620 jährlich
969 1569 1069 1620 4500
1090 1556 1193 1635 Stück
1214 1556 1332 1635 verfer⸗

347 1623 471 1679 üget
479 1622 834 1677 werden:
643 1615 685 1687 ſo
701 1622 818 1677 werden
834 1620 955 1682 hierzt
953 1628 1044 1681 deey
1056 1615 1331 1687 Zehentheile
1276 1615 1331 1687 des

366 1689 516 1741 jaͤhrlich
518 1687 713 1743 beſtimmten
723 1685 924 1755 Aufwandes
936 1683 1122 1748 erfordert.
1128 1687 1182 1734 Es
1209 1682 1331 1751 bleiben

362 1748 534 1795 demnach
537 1748 608 1797 noch
625 1751 695 1809 drey
698 1736 964 1826 Zwanzigtheile
986 1747 1043 1793 von
1043 1747 1107 1793 der
1101 1738 1266 1826 jährlich
1252 1747 1330 1797 aus⸗

366 1803 580 1881 geworfenen
591 1801 734 1889 Summe
755 1801 881 1889 ubrig;
859 1835 894 1880 7
878 1811 972 1883 und
957 1802 1056 1884 dieſe
1076 1802 1204 1884 müͤſſen
1200 1810 1242 1865 zu
1248 1809 1332 1861 Un⸗

1221 2112 1333 2157 Wenn

348 1870 564 1928 terhaltung
569 1871 663 1914 eines
932 1868 955 1883 uſes
967 1868 1184 1924 verwendet
1194 1869 1377 1931 werden,

352 1926 517 2008 wovon
512 1934 608 2020 wir
602 1928 792 2021 nunmeht
785 1926 923 2034 —
928 1925 1161 2026 nefübelahe
1186 1933 1327 2031 Fäett

435 2056 614 2087 —
632 2028 763 2094 7:
757 2058 806 2086 774
823 2012 893 2094 5
905 2042 1317 2093 —
