1722 2466
714 202 1406 312 Thales der Erſt
502 303 1481 396 Tales mopus der erſt
502 377 1425 465 lit weißheyt zu At henis herſt
502 447 1264 532 Der lernet die Geometrey
502 515 1439 600 Jnn Egipen kuͤnſt lich vnd frey
502 568 1488 670 Auch ſo erfand erdurch weyßheyt
502 652 1392 739 Erſt lich die leng des jares zeyt
502 719 1529 809 Vndtheylt es inn dreyhundert tag
502 788 1547 874 Vnd fuͤn f vnd ſechtzig inn der wag
502 860 1406 945 Vnd ward der erſt Aſtrologns
502 928 1528 1012 V.rkuͤndt der Sonnen Finſternuß
502 993 1547 1080 Die kunſt er auch durch gruͤndet tie ff
502 1062 1547 1154 Vnd inn zwoͤlff hundert Verß begrie ff
502 1130 1473 1215 Verkuͤndigt auch zukuͤn fftig zeyt
502 1198 1457 1283 Ein jarvoll aller frucht barkeyt
502 1266 1547 1349 Diſer weyß ſtets inn armut ſchwebt
502 1334 1523 1418 Alleyn er nur nach weyßbeyt ſtrebt
502 1397 1341 1490 Acht vndſibentzig jargelebt.
667 1505 1417 1614 Solon der Ander
502 1617 1547 1704 Solon Phyloſophus der ander
502 1681 1523 1772 Beſchꝛib nachfo lgend lehr allſandr
502 1755 1547 1841 Sagt wer ſei n arm Eltern nit nehrt
502 1826 1458 1907 Der iſt nit wert das man jn ehrt
502 1890 1442 1976 Welche Eltern abgangen ſindt
502 1960 1523 2046 Jnn neynem nutz dieſelben kindt
502 2025 1547 2111 Slman nehren von gmeynem nutz
