1740 2466
117 198 1047 285 Sie leren vnd thun alles guts
117 260 1196 351 Auch ſol ein Formündt wonen nicht
119 332 1193 421 Bey der weyſen Mutter vnd ſpricht
119 398 1227 487 Kein Erb zu Formündt můͤg gehoͤrn
121 469 1188 553 Ein truncken Fuͤrſten ſol manmorn
122 537 1081 626 Ein Koͤnig iſt ein ſtarcker gwalt
123 602 1212 692 Das Gſetz iſt wie ein Spinnweb alt
124 670 1194 759 Das nur die ſchwachen thut bewarn
124 745 1194 830 Die ſtarcken die thun hindurch farn
125 815 1131 900 Solon wurd alt bey Achtzig jarn.
343 904 1005 1009 Chilon der drit
141 1015 1249 1100 Chilon ſpricht / nicht nachrede dem
120 1078 1189 1166 Jnn Wirtſcha fft wol deinzunge zem
117 1153 1144 1234 Sunſt wirſt zu letz betrubt damit
117 1218 1028 1301 Wer troet / der hat weybiſch ſit
117 1286 1295 1372 Such dein Freund heim inn kuͤmmernuß
117 1354 1084 1436 Mehr dann in gluͤck vnd vberfl uß
117 1421 1171 1506 Schlecht demütige cochtzeyt mach
117 1483 1059 1566 Dem todten red nicht vbel nach
117 1558 1097 1644 Dein z oren dempff / das alter ehr
117 1625 1114 1711 Vnmug lich ding gar nicht begehr
117 1690 1126 1777 Des vngluͤckha ffting ſpotte nicht
117 1763 1130 1845 Ein err inn demut ſey verpflicht
117 1829 1116 1913 Das man nit fuͤrcht ſonder lieb ſehr
117 1896 1234 1980 iEh ſchadens / dann boͤß gwinnens ger
117 1964 1099 2052 Weyl der ſchad betrübt ein mal jn
117 2030 861 2112 Aber ewig der boͤſ gewin
117 2094 1206 2190 Sechs vnd fuͤnfftzg j rig ſtarb er hin.
