<?xml version="1.0" encoding="UTF-8"?>
<pc:PcGts xmlns:pc="http://schema.primaresearch.org/PAGE/gts/pagecontent/2019-07-15" xmlns:xsi="http://www.w3.org/2001/XMLSchema-instance" xsi:schemaLocation="http://schema.primaresearch.org/PAGE/gts/pagecontent/2019-07-15 http://schema.primaresearch.org/PAGE/gts/pagecontent/2019-07-15/pagecontent.xsd" pcGtsId="OCR-D-OCR_0006">
    <pc:Metadata>
        <pc:Creator>OCR-D/core 2.71.0</pc:Creator>
        <pc:Created>2025-03-18T15:06:52.799499</pc:Created>
        <pc:LastChange>2025-03-18T15:06:52.799499</pc:LastChange>
        <pc:MetadataItem type="processingStep" name="preprocessing/optimization/binarization" value="ocrd-cis-ocropy-binarize">
            <pc:Labels externalModel="ocrd-tool" externalId="parameters">
                <pc:Label value="ocropy" type="method"/>
                <pc:Label value="0.5" type="threshold"/>
                <pc:Label value="False" type="grayscale"/>
                <pc:Label value="0.0" type="maxskew"/>
                <pc:Label value="0" type="noise_maxsize"/>
                <pc:Label value="0" type="dpi"/>
                <pc:Label value="page" type="level-of-operation"/>
            </pc:Labels>
            <pc:Labels externalModel="ocrd-tool" externalId="version">
                <pc:Label value="0.1.5" type="ocrd-cis-ocropy-binarize"/>
                <pc:Label value="2.71.0" type="ocrd/core"/>
            </pc:Labels>
        </pc:MetadataItem>
        <pc:MetadataItem type="processingStep" name="preprocessing/optimization/cropping" value="ocrd-tesserocr-crop">
            <pc:Labels externalModel="ocrd-tool" externalId="parameters">
                <pc:Label value="0" type="dpi"/>
                <pc:Label value="4" type="padding"/>
            </pc:Labels>
            <pc:Labels externalModel="ocrd-tool" externalId="version">
                <pc:Label value="0.19.1 (tesseract 5.4.1)" type="ocrd-tesserocr-crop"/>
                <pc:Label value="2.71.0" type="ocrd/core"/>
            </pc:Labels>
        </pc:MetadataItem>
        <pc:MetadataItem type="processingStep" name="preprocessing/optimization/binarization" value="ocrd-skimage-binarize">
            <pc:Labels externalModel="ocrd-tool" externalId="parameters">
                <pc:Label value="li" type="method"/>
                <pc:Label value="page" type="level-of-operation"/>
                <pc:Label value="0" type="dpi"/>
                <pc:Label value="301" type="window_size"/>
                <pc:Label value="0.34" type="k"/>
            </pc:Labels>
            <pc:Labels externalModel="ocrd-tool" externalId="version">
                <pc:Label value="0.1.8" type="ocrd-skimage-binarize"/>
                <pc:Label value="2.71.0" type="ocrd/core"/>
            </pc:Labels>
        </pc:MetadataItem>
        <pc:MetadataItem type="processingStep" name="preprocessing/optimization/despeckling" value="ocrd-skimage-denoise">
            <pc:Labels externalModel="ocrd-tool" externalId="parameters">
                <pc:Label value="page" type="level-of-operation"/>
                <pc:Label value="0" type="dpi"/>
                <pc:Label value="0.0" type="protect"/>
                <pc:Label value="1.0" type="maxsize"/>
            </pc:Labels>
            <pc:Labels externalModel="ocrd-tool" externalId="version">
                <pc:Label value="0.1.8" type="ocrd-skimage-denoise"/>
                <pc:Label value="2.71.0" type="ocrd/core"/>
            </pc:Labels>
        </pc:MetadataItem>
        <pc:MetadataItem type="processingStep" name="preprocessing/optimization/deskewing" value="ocrd-tesserocr-deskew">
            <pc:Labels externalModel="ocrd-tool" externalId="parameters">
                <pc:Label value="page" type="operation_level"/>
                <pc:Label value="0" type="dpi"/>
                <pc:Label value="1.5" type="min_orientation_confidence"/>
            </pc:Labels>
            <pc:Labels externalModel="ocrd-tool" externalId="version">
                <pc:Label value="0.19.1 (tesseract 5.4.1)" type="ocrd-tesserocr-deskew"/>
                <pc:Label value="2.71.0" type="ocrd/core"/>
            </pc:Labels>
        </pc:MetadataItem>
        <pc:MetadataItem type="processingStep" name="layout/segmentation/region" value="ocrd-cis-ocropy-segment">
            <pc:Labels externalModel="ocrd-tool" externalId="parameters">
                <pc:Label value="page" type="level-of-operation"/>
                <pc:Label value="0" type="dpi"/>
                <pc:Label value="20" type="maxcolseps"/>
                <pc:Label value="20" type="maxseps"/>
                <pc:Label value="10" type="maximages"/>
                <pc:Label value="4" type="csminheight"/>
                <pc:Label value="10" type="hlminwidth"/>
                <pc:Label value="0.01" type="gap_height"/>
                <pc:Label value="1.5" type="gap_width"/>
                <pc:Label value="True" type="overwrite_order"/>
                <pc:Label value="True" type="overwrite_separators"/>
                <pc:Label value="True" type="overwrite_regions"/>
                <pc:Label value="True" type="overwrite_lines"/>
                <pc:Label value="2.4" type="spread"/>
            </pc:Labels>
            <pc:Labels externalModel="ocrd-tool" externalId="version">
                <pc:Label value="0.1.5" type="ocrd-cis-ocropy-segment"/>
                <pc:Label value="2.71.0" type="ocrd/core"/>
            </pc:Labels>
        </pc:MetadataItem>
        <pc:MetadataItem type="processingStep" name="preprocessing/optimization/dewarping" value="ocrd-cis-ocropy-dewarp">
            <pc:Labels externalModel="ocrd-tool" externalId="parameters">
                <pc:Label value="0" type="dpi"/>
                <pc:Label value="4.0" type="range"/>
                <pc:Label value="1.0" type="smoothness"/>
                <pc:Label value="0.05" type="max_neighbour"/>
            </pc:Labels>
            <pc:Labels externalModel="ocrd-tool" externalId="version">
                <pc:Label value="0.1.5" type="ocrd-cis-ocropy-dewarp"/>
                <pc:Label value="2.71.0" type="ocrd/core"/>
            </pc:Labels>
        </pc:MetadataItem>
        <pc:MetadataItem type="processingStep" name="recognition/text-recognition" value="ocrd-calamari-recognize">
            <pc:Labels externalModel="ocrd-tool" externalId="parameters">
                <pc:Label value="qurator-gt4histocr-1.0" type="checkpoint_dir"/>
                <pc:Label value="confidence_voter_default_ctc" type="voter"/>
                <pc:Label value="line" type="textequiv_level"/>
                <pc:Label value="0.001" type="glyph_conf_cutoff"/>
            </pc:Labels>
            <pc:Labels externalModel="ocrd-tool" externalId="version">
                <pc:Label value="1.0.6 (calamari 1.0.7, tensorflow 2.12.1)" type="ocrd-calamari-recognize"/>
                <pc:Label value="2.71.0" type="ocrd/core"/>
            </pc:Labels>
        </pc:MetadataItem>
    </pc:Metadata>
    <pc:Page imageFilename="GT-PAGE/aventinus_grammatica_1515_0006.tif" imageWidth="1756" imageHeight="2440" orientation="0.081578185291164" readingDirection="left-to-right" textLineOrder="top-to-bottom">
        <pc:AlternativeImage filename="OCR-D-BIN/OCR-D-BIN_0006.IMG-BIN.png" comments=",binarized"/>
        <pc:AlternativeImage filename="OCR-D-CROP/OCR-D-CROP_0006.IMG-CROP.png" comments=",binarized,cropped"/>
        <pc:AlternativeImage filename="OCR-D-BIN2/OCR-D-BIN2_0006.IMG-BIN.png" comments=",cropped,binarized"/>
        <pc:AlternativeImage filename="OCR-D-BIN-DENOISE/OCR-D-BIN-DENOISE_0006.IMG-DEN.png" comments=",cropped,binarized,despeckled"/>
        <pc:AlternativeImage filename="OCR-D-BIN-DENOISE-DESKEW/OCR-D-BIN-DENOISE-DESKEW_0006.IMG-DESKEW.png" comments=",cropped,binarized,despeckled,deskewed"/>
        <pc:AlternativeImage filename="OCR-D-SEG/OCR-D-SEG_0006.IMG-CLIP.png" comments=",cropped,binarized,despeckled,deskewed,clipped"/>
        <pc:Border>
            <pc:Coords points="311,140 1623,140 1623,1706 311,1706"/>
        </pc:Border>
        <pc:ReadingOrder>
            <pc:OrderedGroup id="reading-order">
                <pc:RegionRefIndexed index="0" regionRef="OCR-D-BIN-DENOISE-DESKEW_0006_region0001"/>
                <pc:RegionRefIndexed index="1" regionRef="OCR-D-BIN-DENOISE-DESKEW_0006_region0002"/>
                <pc:RegionRefIndexed index="2" regionRef="OCR-D-BIN-DENOISE-DESKEW_0006_region0003"/>
            </pc:OrderedGroup>
        </pc:ReadingOrder>
        <pc:TextRegion id="OCR-D-BIN-DENOISE-DESKEW_0006_region0001">
            <pc:Coords points="758,184 757,185 687,185 686,186 617,187 616,188 546,188 545,189 492,189 491,190 471,190 470,191 465,191 464,192 462,192 461,193 460,193 457,196 456,196 450,202 450,226 451,227 451,237 452,238 452,247 453,248 453,258 454,259 454,268 455,269 455,276 456,277 456,282 457,283 457,284 458,285 458,286 459,287 459,288 460,289 460,290 461,291 461,292 462,293 462,294 463,295 463,296 464,297 464,298 465,299 465,300 466,301 466,302 467,303 467,304 468,305 468,306 469,307 469,308 470,309 470,310 471,311 471,312 472,313 472,314 473,315 473,316 474,317 474,318 475,319 475,321 479,325 485,325 486,326 517,326 518,327 569,327 570,328 621,328 622,329 673,328 674,329 724,329 725,330 776,330 777,331 828,331 829,332 879,332 880,333 931,333 932,334 983,334 984,335 1035,335 1036,336 1094,336 1095,335 1120,335 1121,334 1146,334 1147,333 1172,333 1173,332 1199,332 1200,331 1225,331 1226,330 1251,330 1252,329 1277,329 1278,328 1304,328 1305,327 1330,327 1331,326 1356,326 1357,325 1382,324 1383,323 1404,323 1405,322 1414,322 1415,321 1417,321 1418,320 1420,320 1421,319 1422,319 1423,318 1425,318 1426,317 1428,317 1429,316 1431,316 1432,315 1434,315 1435,314 1436,314 1437,313 1439,313 1440,312 1442,312 1443,311 1445,311 1446,310 1448,310 1449,309 1450,309 1451,308 1453,308 1454,307 1456,307 1457,306 1459,306 1460,305 1462,305 1463,304 1464,304 1465,303 1467,303 1468,302 1470,302 1471,301 1473,301 1474,300 1476,300 1477,299 1478,299 1479,298 1481,298 1482,297 1484,297 1485,296 1487,296 1488,295 1490,295 1491,294 1492,294 1493,293 1495,293 1496,292 1498,292 1499,291 1501,291 1502,290 1504,290 1505,289 1506,289 1507,288 1509,288 1510,287 1512,287 1513,286 1515,286 1516,285 1518,285 1519,284 1520,284 1521,283 1523,283 1524,282 1526,282 1527,281 1529,281 1530,280 1532,280 1533,279 1534,279 1535,278 1537,278 1538,277 1540,277 1541,276 1543,276 1544,275 1546,275 1547,274 1548,274 1549,273 1551,273 1552,272 1554,272 1558,268 1558,238 1554,234 1553,234 1551,232 1550,232 1549,231 1548,231 1546,229 1545,229 1543,227 1542,227 1541,226 1540,226 1538,224 1537,224 1535,222 1534,222 1533,221 1532,221 1530,219 1529,219 1527,217 1526,217 1525,216 1524,216 1522,214 1521,214 1519,212 1518,212 1517,211 1516,211 1514,209 1513,209 1511,207 1510,207 1509,206 1508,206 1506,204 1505,204 1503,202 1501,202 1500,201 1497,201 1496,200 1493,200 1492,199 1490,199 1489,198 1486,198 1485,197 1482,197 1481,196 1479,196 1478,195 1475,195 1474,194 1471,194 1470,193 1467,193 1466,192 1464,192 1463,191 1460,191 1459,190 1456,190 1455,189 1453,189 1452,188 1449,188 1448,187 1445,187 1444,186 1439,186 1438,185 1397,185 1396,184 1323,185 1322,184"/>
            <pc:TextLine id="OCR-D-BIN-DENOISE-DESKEW_0006_region0001_line0001">
                <pc:AlternativeImage filename="OCR-D-SEG-LINE-RESEG-DEWARP/OCR-D-SEG-LINE-RESEG-DEWARP_0006_OCR-D-BIN-DENOISE-DESKEW_0006_region0001_OCR-D-BIN-DENOISE-DESKEW_0006_region0001_line0001.IMG-DEWARP.png" comments="binarized,despeckled,dewarped"/>
                <pc:Coords points="462,255 458,259 458,260 454,264 455,265 455,271 456,272 456,281 457,281 464,288 465,288 466,289 479,289 480,288 488,288 489,287 495,287 496,286 502,286 503,285 505,285 506,284 507,284 508,283 510,283 511,282 512,282 516,278 516,277 518,275 518,272 510,264 488,264 485,261 483,261 482,260 479,260 476,257 475,257 474,256 471,256 470,255"/>
                <pc:Baseline points="456,279 490,272"/>
                <pc:TextEquiv conf="0.">
                    <pc:Unicode></pc:Unicode>
                </pc:TextEquiv>
            </pc:TextLine>
            <pc:TextLine id="OCR-D-BIN-DENOISE-DESKEW_0006_region0001_line0002">
                <pc:AlternativeImage filename="OCR-D-SEG-LINE-RESEG-DEWARP/OCR-D-SEG-LINE-RESEG-DEWARP_0006_OCR-D-BIN-DENOISE-DESKEW_0006_region0001_OCR-D-BIN-DENOISE-DESKEW_0006_region0001_line0002.IMG-DEWARP.png" comments="binarized,despeckled,dewarped"/>
                <pc:Coords points="793,184 792,185 749,185 748,186 747,186 744,189 744,190 743,191 743,202 742,203 722,203 721,202 712,202 711,203 688,203 687,202 686,202 685,201 674,201 673,202 671,202 670,201 669,201 668,200 650,201 649,202 648,202 647,203 644,203 643,202 642,202 641,201 626,201 625,202 624,202 623,203 622,202 621,202 620,201 608,201 607,202 606,202 605,203 583,203 582,202 566,202 565,201 558,201 557,200 554,200 553,199 550,199 549,198 547,198 546,197 544,197 543,196 540,196 539,195 536,195 535,194 530,194 529,193 524,193 521,190 520,190 519,189 510,189 509,190 508,190 507,191 506,191 505,192 489,192 488,191 487,191 486,190 474,190 473,191 472,191 471,192 462,192 460,194 459,194 455,198 454,198 451,201 451,202 450,203 450,221 457,228 457,229 458,230 458,231 459,232 467,232 468,231 469,232 469,236 465,240 465,241 464,242 464,250 465,251 465,252 467,254 470,254 471,255 474,255 475,256 476,256 479,259 482,259 483,260 485,260 488,263 510,263 518,271 530,271 531,272 547,272 548,271 552,271 553,270 561,270 562,271 579,271 580,272 581,272 582,273 583,273 584,274 594,274 595,273 604,273 605,274 621,274 622,273 624,273 626,275 627,275 628,276 638,276 639,275 640,275 642,273 648,273 649,274 658,274 659,273 692,272 693,273 736,273 737,272 738,272 739,271 752,271 753,272 772,272 773,271 784,271 785,270 796,270 797,269 819,269 820,270 823,270 824,271 828,271 829,272 831,272 832,271 842,271 843,272 847,272 848,273 856,273 858,271 859,271 860,270 867,270 868,271 869,271 870,270 875,270 876,271 877,271 878,272 968,272 969,273 980,273 981,272 994,272 995,273 1007,273 1008,272 1023,272 1024,271 1025,271 1026,270 1034,270 1035,271 1036,271 1037,272 1080,272 1081,273 1082,273 1083,274 1091,274 1092,273 1093,273 1094,272 1202,272 1203,271 1204,271 1205,270 1217,270 1218,271 1219,271 1220,272 1230,272 1231,271 1243,271 1244,270 1245,270 1246,269 1266,269 1267,270 1268,270 1269,271 1270,271 1271,272 1282,272 1283,273 1293,273 1294,272 1308,272 1309,273 1338,273 1339,274 1348,274 1349,273 1400,272 1401,273 1409,273 1410,272 1457,272 1458,273 1459,273 1460,274 1469,274 1470,273 1471,273 1472,272 1553,272 1554,271 1555,271 1557,269 1557,268 1558,267 1558,239 1557,238 1557,237 1555,235 1554,235 1553,234 1549,234 1548,233 1514,233 1513,232 1508,232 1507,231 1507,207 1506,206 1506,205 1504,203 1503,203 1502,202 1449,202 1448,201 1448,191 1447,190 1447,189 1445,187 1444,187 1443,186 1434,186 1433,185 1387,185 1386,186 1369,186 1368,187 1363,188 1362,189 1359,189 1358,190 1357,190 1356,191 1355,191 1353,193 1353,194 1352,195 1352,200 1351,201 1350,201 1349,202 1334,202 1333,201 1333,192 1332,191 1332,190 1330,188 1329,188 1328,187 1326,187 1325,186 1316,186 1315,187 1314,187 1309,192 1309,193 1308,194 1307,193 1307,191 1306,190 1306,189 1304,187 1303,187 1302,186 1301,186 1300,185 1289,185 1288,186 1287,185 1286,185 1285,184 1271,184 1270,185 1269,185 1266,188 1266,189 1265,190 1265,199 1266,200 1266,201 1265,202 1264,202 1263,201 1243,201 1242,200 1232,200 1231,199 1227,199 1226,198 1226,195 1225,194 1225,193 1222,190 1221,190 1220,189 1217,189 1216,188 1195,188 1194,187 1193,187 1192,186 1189,186 1188,185 1175,185 1174,186 1173,186 1171,188 1151,188 1150,189 1147,189 1146,190 1144,190 1143,191 1142,191 1139,194 1139,195 1138,196 1138,197 1136,199 1134,199 1133,200 1126,200 1125,201 1110,201 1109,202 1079,202 1078,201 1051,201 1050,200 1037,200 1036,201 1027,201 1026,202 1022,202 1021,201 1021,193 1020,192 1020,191 1018,189 1017,189 1016,188 1015,188 1014,187 1002,187 1001,188 1000,188 998,190 998,191 996,193 996,194 995,195 995,197 994,198 994,200 993,201 984,201 982,199 981,199 980,198 969,198 968,199 967,199 965,201 954,201 953,200 924,200 923,201 888,201 887,202 868,202 867,201 867,196 866,195 866,194 864,192 863,192 862,191 861,191 860,190 859,190 858,189 856,189 855,188 851,188 850,187 843,187 842,186 830,186 829,185 803,185 802,184"/>
                <pc:Baseline points="470,254 608,263 1558,263"/>
                <pc:TextEquiv conf="0.983573496341705">
                    <pc:Unicode>Aoannes Auentinus ſtudioſis.</pc:Unicode>
                </pc:TextEquiv>
            </pc:TextLine>
            <pc:TextLine id="OCR-D-BIN-DENOISE-DESKEW_0006_region0001_line0003">
                <pc:AlternativeImage filename="OCR-D-SEG-LINE-RESEG-DEWARP/OCR-D-SEG-LINE-RESEG-DEWARP_0006_OCR-D-BIN-DENOISE-DESKEW_0006_region0001_OCR-D-BIN-DENOISE-DESKEW_0006_region0001_line0003.IMG-DEWARP.png" comments="binarized,despeckled,dewarped"/>
                <pc:Coords points="552,272 548,272 547,273 543,273 542,274 522,274 521,275 519,275 517,277 517,278 512,283 511,283 510,284 508,284 507,285 506,285 505,286 503,286 502,287 496,287 495,288 489,288 488,289 480,289 479,290 477,290 476,291 476,292 475,293 475,319 475,320 476,321 476,322 478,324 479,324 480,325 485,325 491,325 492,326 517,326 543,326 544,327 569,327 591,327 592,326 602,326 603,327 604,327 605,328 613,328 614,327 615,327 616,326 639,326 640,327 641,327 642,328 652,328 653,327 654,327 655,326 698,325 699,326 846,326 847,325 848,325 849,326 857,326 858,325 936,325 937,324 1021,324 1022,325 1031,325 1032,324 1051,324 1052,325 1052,329 1053,330 1053,331 1056,334 1057,334 1058,335 1060,335 1061,336 1081,336 1082,335 1083,335 1084,334 1085,334 1087,332 1087,331 1088,330 1088,329 1089,328 1089,327 1090,326 1090,325 1091,324 1154,324 1156,326 1157,326 1158,327 1167,327 1168,326 1169,326 1171,324 1270,324 1271,325 1281,325 1282,324 1383,323 1383,323 1396,323 1397,322 1405,322 1413,322 1414,321 1415,321 1417,319 1417,318 1418,317 1418,286 1417,285 1417,284 1415,282 1414,282 1413,281 1406,281 1405,280 1392,280 1391,279 1342,280 1341,279 1298,279 1297,278 1285,278 1284,277 1274,277 1273,276 1273,274 1272,273 1271,273 1270,272 1269,272 1268,271 1267,271 1266,270 1246,270 1245,271 1244,271 1243,272 1241,272 1238,275 1238,276 1236,278 1223,278 1222,277 1222,274 1221,273 1220,273 1219,272 1218,272 1217,271 1205,271 1204,272 1203,272 1202,273 1201,273 1200,274 1200,278 1199,279 1172,279 1170,277 1169,277 1168,276 1160,276 1159,277 1158,277 1157,278 1041,278 1040,277 1040,275 1039,274 1039,273 1037,273 1036,272 1035,272 1034,271 1026,271 1025,272 1024,272 1023,273 1021,273 1021,274 1020,275 1020,276 1018,278 1013,278 1012,277 1011,277 1010,276 1001,276 1000,277 999,277 998,278 956,278 955,279 912,279 911,278 902,278 901,279 884,279 883,278 880,278 879,277 879,274 877,272 876,272 875,271 870,271 869,272 868,272 867,271 860,271 859,272 858,272 854,276 852,276 851,275 843,275 841,273 840,273 839,272 832,272 831,273 829,273 828,272 824,272 823,271 820,271 819,270 797,270 796,271 794,271 791,274 790,274 789,275 782,275 781,276 775,276 774,277 768,277 767,278 760,278 759,279 757,279 756,278 756,275 755,274 755,273 753,273 752,272 739,272 738,273 737,273 736,274 735,274 734,275 734,276 733,277 723,277 722,278 721,278 720,279 616,280 615,279 605,279 604,278 598,278 597,277 593,277 592,276 587,276 586,275 584,275 583,274 582,274 581,273 580,273 579,272 562,272 561,271 553,271"/>
                <pc:Baseline points="475,316 1418,313"/>
                <pc:TextEquiv conf="0.967715561389923">
                    <pc:Unicode>Grammatice. Salutem. et ingenuos laboꝛes.</pc:Unicode>
                </pc:TextEquiv>
            </pc:TextLine>
            <pc:TextEquiv>
                <pc:Unicode>
Aoannes Auentinus ſtudioſis.
Grammatice. Salutem. et ingenuos laboꝛes.</pc:Unicode>
            </pc:TextEquiv>
        </pc:TextRegion>
        <pc:TextRegion id="OCR-D-BIN-DENOISE-DESKEW_0006_region0002">
            <pc:Coords points="1252,372 840,372 839,373 642,374 641,375 445,375 444,376 333,376 332,377 314,377 313,378 311,378 311,1440 313,1442 314,1442 317,1445 318,1445 321,1448 322,1448 324,1450 377,1450 378,1449 462,1449 463,1448 546,1448 547,1447 631,1447 632,1446 716,1445 717,1444 801,1444 802,1443 886,1443 887,1442 970,1442 971,1441 1055,1441 1056,1440 1134,1440 1135,1439 1206,1439 1207,1438 1279,1438 1280,1437 1351,1437 1352,1436 1404,1435 1405,1434 1436,1434 1437,1433 1454,1433 1455,1432 1458,1432 1459,1431 1461,1431 1462,1430 1464,1430 1465,1429 1467,1429 1468,1428 1470,1428 1471,1427 1472,1427 1473,1426 1475,1426 1476,1425 1478,1425 1479,1424 1481,1424 1482,1423 1484,1423 1485,1422 1487,1422 1488,1421 1490,1421 1491,1420 1493,1420 1494,1419 1495,1419 1496,1418 1498,1418 1499,1417 1501,1417 1502,1416 1504,1416 1505,1415 1507,1415 1508,1414 1510,1414 1511,1413 1513,1413 1514,1412 1516,1412 1517,1411 1518,1411 1519,1410 1521,1410 1522,1409 1524,1409 1525,1408 1527,1408 1528,1407 1530,1407 1531,1406 1533,1406 1534,1405 1536,1405 1537,1404 1539,1404 1540,1403 1542,1403 1543,1402 1544,1402 1545,1401 1547,1401 1548,1400 1550,1400 1551,1399 1553,1399 1554,1398 1556,1398 1557,1397 1559,1397 1560,1396 1562,1396 1563,1395 1565,1395 1566,1394 1567,1394 1568,1393 1570,1393 1571,1392 1573,1392 1574,1391 1576,1391 1577,1390 1579,1390 1580,1389 1582,1389 1583,1388 1585,1388 1586,1387 1588,1387 1589,1386 1590,1386 1591,1385 1593,1385 1594,1384 1596,1384 1597,1383 1599,1383 1600,1382 1602,1382 1603,1381 1605,1381 1606,1380 1608,1380 1609,1379 1611,1379 1612,1378 1613,1378 1614,1377 1616,1377 1617,1376 1619,1376 1620,1375 1622,1375 1623,1374 1623,877 1622,381 1621,381 1620,380 1617,380 1616,379 1614,379 1613,378 1611,378 1610,377 1607,377 1606,376 1604,376 1603,375 1601,375 1600,374 1597,374 1596,373 1594,373 1593,372 1591,372 1590,371 1587,371 1586,370 1253,371"/>
            <pc:TextLine id="OCR-D-BIN-DENOISE-DESKEW_0006_region0002_line0001">
                <pc:AlternativeImage filename="OCR-D-SEG-LINE-RESEG-DEWARP/OCR-D-SEG-LINE-RESEG-DEWARP_0006_OCR-D-BIN-DENOISE-DESKEW_0006_region0002_OCR-D-BIN-DENOISE-DESKEW_0006_region0002_line0001.IMG-DEWARP.png" comments="binarized,despeckled,dewarped"/>
                <pc:Coords points="1567,371 1566,371 1565,372 1564,372 1562,374 1562,375 1560,377 1559,377 1558,378 1538,378 1536,376 1536,375 1534,373 1533,373 1532,372 1522,372 1521,373 1520,373 1515,378 1493,378 1492,379 1472,379 1471,380 1446,380 1445,381 1429,381 1428,380 1427,380 1426,379 1416,379 1415,380 1414,380 1413,381 1363,382 1362,383 1351,383 1350,382 1309,382 1308,381 1286,381 1285,380 1274,380 1273,381 1260,381 1259,380 1259,379 1258,378 1258,377 1256,375 1255,375 1254,374 1244,374 1243,375 1242,375 1241,374 1233,374 1232,375 1226,375 1225,376 1224,376 1223,377 1222,377 1218,381 1211,381 1210,382 1208,382 1207,381 1194,381 1193,380 1191,380 1190,379 1190,378 1187,375 1186,375 1185,374 1176,374 1175,375 1174,374 1173,374 1172,373 1166,373 1165,372 1154,372 1153,373 1148,373 1147,374 1146,374 1145,375 1143,375 1142,376 1139,376 1138,377 1137,377 1135,379 1127,379 1126,380 1122,380 1120,378 1120,377 1118,375 1117,375 1116,374 1107,374 1106,375 1105,375 1102,378 1102,379 1100,381 1089,381 1088,380 1088,379 1087,378 1087,377 1085,375 1084,375 1083,374 1072,374 1071,375 1070,375 1069,376 1068,376 1065,379 1065,380 1064,381 1045,381 1044,382 1033,382 1032,383 1020,383 1019,384 1013,384 1012,383 1012,380 1011,379 1011,378 1009,376 1008,376 1007,375 1006,375 1005,374 996,374 995,375 994,375 992,377 992,378 991,379 991,380 990,381 990,382 989,383 974,383 973,382 966,382 965,381 961,381 960,380 957,380 956,379 956,378 955,377 955,376 953,374 952,374 951,373 950,373 949,372 938,372 937,373 933,373 932,374 919,374 918,375 917,375 916,376 915,376 914,377 913,376 904,376 903,377 902,377 899,380 899,381 898,382 890,382 889,383 860,383 859,382 836,382 834,380 834,379 832,377 831,377 830,376 819,376 818,377 817,377 812,382 799,382 798,383 784,383 783,384 770,384 769,385 726,385 725,384 725,382 724,381 724,380 721,377 720,377 719,376 711,376 710,377 709,377 705,381 704,381 702,383 702,384 701,385 655,386 654,385 635,385 634,384 605,384 604,383 597,383 596,382 596,381 595,380 595,379 592,376 591,376 590,375 579,375 578,376 577,376 574,379 574,380 573,381 573,383 572,384 541,384 540,385 495,385 494,384 494,382 493,381 493,380 490,377 489,377 488,376 478,376 477,377 476,377 473,380 473,381 472,382 472,384 471,385 458,385 457,384 457,381 456,380 456,379 454,377 453,377 452,376 444,376 430,376 429,377 427,377 426,378 425,378 424,379 423,379 421,381 416,381 415,380 409,380 408,379 400,379 399,378 393,378 392,377 391,377 390,376 371,376 370,377 356,377 355,376 346,376 345,377 332,377 319,377 318,378 313,378 311,378 311,431 312,431 313,432 317,432 318,433 322,433 323,434 327,434 329,436 329,437 331,439 333,439 334,440 344,440 345,439 349,439 350,438 352,438 354,436 389,436 390,435 391,435 392,434 395,434 396,433 400,433 401,432 413,432 414,433 416,433 417,434 418,434 419,435 424,435 425,434 432,434 433,433 434,433 435,432 446,432 447,433 456,433 457,432 495,432 496,431 513,431 514,432 519,432 520,431 522,431 523,430 524,430 525,429 532,429 533,430 534,429 542,429 543,430 544,430 545,431 548,431 549,432 553,432 554,431 590,431 591,430 605,430 606,429 619,429 620,430 622,430 623,431 624,430 632,430 633,429 648,429 649,430 666,429 667,430 668,430 669,429 675,429 676,430 677,430 678,429 702,429 703,430 704,430 705,431 723,431 724,432 747,432 748,433 748,437 749,437 750,438 751,438 752,439 756,439 757,440 760,440 761,439 764,439 765,438 766,438 767,437 774,437 775,436 776,436 780,432 822,432 823,431 848,431 849,432 858,432 859,431 904,431 905,432 905,434 906,435 907,435 908,436 910,436 911,437 913,437 914,436 915,436 916,435 919,435 920,434 921,434 922,433 925,436 926,436 927,437 929,437 930,438 932,438 933,437 936,437 937,436 937,435 938,434 938,433 942,429 957,429 958,430 962,430 963,429 964,429 965,430 973,430 974,429 1025,429 1026,430 1034,430 1035,429 1044,429 1045,430 1053,430 1054,429 1055,429 1056,430 1061,430 1062,429 1064,429 1065,428 1082,428 1083,429 1084,429 1085,430 1098,430 1099,429 1100,429 1101,428 1112,428 1113,429 1114,429 1115,430 1129,430 1130,431 1130,435 1131,436 1132,436 1133,437 1136,437 1137,438 1143,438 1144,437 1148,437 1149,436 1150,436 1151,435 1152,435 1153,434 1153,433 1156,430 1177,430 1178,429 1188,429 1189,430 1203,430 1204,429 1269,429 1270,428 1277,428 1278,427 1292,427 1293,428 1294,428 1295,429 1306,429 1307,430 1313,430 1314,431 1314,434 1315,435 1315,436 1323,436 1324,435 1328,435 1329,436 1337,436 1337,431 1338,430 1360,430 1361,429 1362,429 1363,428 1366,427 1367,426 1383,426 1384,427 1385,427 1386,428 1414,428 1415,427 1428,427 1429,428 1454,428 1455,427 1523,427 1524,428 1526,428 1527,429 1536,429 1537,428 1543,428 1544,427 1556,427 1558,429 1558,430 1560,432 1560,433 1561,434 1563,434 1564,435 1566,435 1567,434 1571,434 1572,433 1574,433 1574,432 1575,431 1575,430 1576,429 1580,429 1581,430 1581,432 1583,434 1585,434 1586,435 1592,435 1593,436 1599,436 1600,435 1601,435 1602,434 1603,434 1603,433 1604,432 1609,432 1610,431 1611,431 1613,429 1622,429 1622,381 1621,381 1616,381 1615,380 1613,380 1612,379 1611,379 1610,378 1601,378 1600,379 1596,379 1595,378 1593,378 1592,377 1592,376 1587,371 1586,371 1585,370 1567,370"/>
                <pc:Baseline points="309,421 1622,419"/>
                <pc:TextEquiv conf="0.95750230550766">
                    <pc:Unicode>uãuis multa variaqz a doctiſſimis/ad inſtituẽdes pueros /rudeſq;</pc:Unicode>
                </pc:TextEquiv>
            </pc:TextLine>
            <pc:TextLine id="OCR-D-BIN-DENOISE-DESKEW_0006_region0002_line0002">
                <pc:AlternativeImage filename="OCR-D-SEG-LINE-RESEG-DEWARP/OCR-D-SEG-LINE-RESEG-DEWARP_0006_OCR-D-BIN-DENOISE-DESKEW_0006_region0002_OCR-D-BIN-DENOISE-DESKEW_0006_region0002_line0002.IMG-DEWARP.png" comments="binarized,despeckled,dewarped"/>
                <pc:Coords points="1277,429 1270,429 1269,430 1268,430 1262,436 1239,436 1238,435 1194,435 1192,433 1192,432 1191,431 1189,431 1188,430 1178,430 1177,431 1175,431 1175,432 1172,435 1163,435 1162,436 1151,436 1150,437 1149,437 1148,438 1144,438 1143,439 1137,439 1136,438 1133,438 1132,437 1120,437 1119,436 1118,436 1117,435 1117,432 1116,431 1115,431 1114,430 1113,430 1112,429 1101,429 1100,430 1099,430 1098,431 1097,431 1096,432 1096,433 1094,435 1088,435 1087,434 1087,433 1086,432 1086,431 1085,431 1084,430 1083,430 1082,429 1065,429 1064,430 1062,430 1061,431 1059,431 1057,433 1057,434 1056,435 1033,435 1032,436 987,436 986,435 962,435 961,434 961,433 960,432 960,431 958,431 957,430 942,430 939,433 939,434 938,435 938,436 936,438 933,438 932,439 930,439 929,438 927,438 926,437 925,437 922,434 921,435 920,435 919,436 916,436 915,437 914,437 913,438 911,438 910,437 908,437 907,436 906,436 905,435 900,435 899,436 884,436 883,437 860,437 859,438 767,438 766,439 765,439 764,440 761,440 760,441 757,441 756,440 752,440 751,439 750,439 749,438 742,438 741,437 728,437 727,436 719,436 718,435 711,435 710,434 708,434 707,433 707,432 705,432 704,431 703,431 702,430 678,430 677,431 676,431 675,430 669,430 668,431 667,431 666,430 649,431 648,430 633,430 632,431 624,431 623,432 622,431 620,431 619,430 606,430 605,431 591,431 590,432 576,432 575,433 571,433 570,434 565,434 564,435 557,435 556,436 553,436 552,435 552,434 551,433 549,433 548,432 545,432 544,431 543,431 542,430 534,430 533,431 532,430 525,430 524,431 523,431 522,432 520,432 519,433 517,433 514,436 503,436 502,437 482,437 481,436 473,436 472,437 465,437 464,438 451,438 450,437 450,436 449,435 449,434 447,434 446,433 435,433 434,434 433,434 432,435 430,435 430,436 428,438 426,438 425,439 420,439 419,438 419,436 418,435 417,435 416,434 414,434 413,433 401,433 400,434 396,434 395,435 392,435 391,436 390,436 389,437 387,437 385,439 365,439 364,440 355,440 354,439 350,439 349,440 345,440 344,441 334,441 333,440 318,440 317,441 311,441 311,485 336,485 337,484 345,484 346,485 347,485 348,484 353,484 354,483 356,483 357,484 360,484 361,485 380,485 381,486 381,488 382,488 384,490 385,490 386,491 388,491 389,490 391,490 392,489 394,489 395,488 396,488 400,484 402,484 403,483 416,483 417,484 419,484 420,485 425,485 426,486 435,486 436,487 436,490 437,491 438,491 439,492 441,492 442,493 450,493 451,492 453,492 454,491 456,491 457,490 458,490 459,489 459,487 460,486 497,486 498,485 510,485 511,486 511,489 512,489 513,490 514,490 515,491 518,491 519,490 521,490 522,489 525,489 526,488 528,488 533,483 538,483 539,484 572,484 573,485 598,485 599,484 601,484 602,483 620,483 621,484 625,484 626,485 641,485 642,486 643,485 645,485 646,484 648,484 649,483 661,483 662,484 664,483 665,484 739,484 740,483 786,483 787,484 794,484 795,483 838,483 839,484 849,484 850,483 863,483 864,482 881,482 882,481 887,481 888,480 893,480 894,481 903,481 904,482 905,482 906,483 912,483 913,482 937,482 938,481 945,481 946,482 947,481 953,481 954,482 957,482 958,483 1044,483 1045,482 1065,482 1066,483 1066,487 1067,488 1068,488 1069,489 1070,489 1071,490 1075,490 1076,491 1079,491 1080,490 1084,490 1085,489 1087,489 1087,488 1088,487 1089,487 1091,485 1091,484 1092,483 1104,483 1105,482 1106,482 1107,481 1116,481 1117,482 1118,482 1119,483 1121,483 1122,484 1122,487 1123,488 1124,488 1125,489 1126,489 1127,490 1129,490 1130,491 1137,491 1138,490 1140,490 1141,489 1142,489 1143,488 1144,488 1144,487 1145,486 1145,484 1146,483 1163,483 1164,482 1223,482 1224,481 1235,481 1236,482 1255,482 1256,481 1258,481 1259,482 1259,483 1260,483 1261,484 1272,484 1273,483 1274,483 1276,481 1277,481 1278,480 1286,480 1287,481 1307,481 1308,482 1347,482 1348,483 1350,483 1351,484 1351,487 1352,488 1353,488 1354,489 1355,489 1356,490 1366,489 1367,488 1368,488 1369,487 1370,487 1371,486 1371,485 1372,484 1372,483 1373,482 1389,482 1390,481 1418,481 1419,480 1420,480 1421,479 1432,479 1433,480 1434,480 1435,481 1450,481 1451,480 1459,480 1460,479 1471,479 1472,480 1483,480 1484,479 1512,479 1513,478 1514,478 1515,479 1524,479 1525,478 1527,478 1528,479 1529,479 1530,480 1539,480 1540,479 1541,479 1542,478 1543,479 1552,479 1553,478 1566,478 1567,479 1575,479 1576,478 1582,478 1584,480 1585,480 1586,481 1595,481 1596,480 1597,480 1598,479 1599,479 1600,478 1622,478 1622,437 1621,436 1609,436 1608,435 1602,435 1601,436 1600,436 1599,437 1593,437 1592,436 1586,436 1585,435 1583,435 1582,434 1572,434 1571,435 1567,435 1566,436 1564,436 1563,435 1561,435 1559,433 1559,432 1557,430 1557,429 1556,428 1544,428 1543,429 1541,429 1541,430 1540,431 1540,432 1539,433 1471,433 1470,432 1460,432 1459,433 1436,433 1435,432 1433,432 1431,430 1431,429 1429,429 1428,428 1415,428 1414,429 1411,429 1409,431 1409,432 1407,434 1390,434 1389,433 1389,431 1388,430 1388,429 1386,429 1385,428 1384,428 1383,427 1367,427 1366,428 1363,429 1362,430 1361,430 1360,431 1358,431 1356,433 1355,433 1352,436 1351,436 1350,437 1329,437 1328,436 1324,436 1323,437 1315,437 1314,436 1314,435 1312,433 1304,433 1303,434 1302,434 1300,436 1298,436 1297,435 1297,431 1296,430 1295,430 1294,429 1293,429 1292,428 1278,428"/>
                <pc:Baseline points="309,474 1622,468"/>
                <pc:TextEquiv conf="0.969176352024078">
                    <pc:Unicode>conſcripta ſtt. Nullus tamen adhuc mihi qmdem ſatis facit omnind⸗</pc:Unicode>
                </pc:TextEquiv>
            </pc:TextLine>
            <pc:TextLine id="OCR-D-BIN-DENOISE-DESKEW_0006_region0002_line0003">
                <pc:AlternativeImage filename="OCR-D-SEG-LINE-RESEG-DEWARP/OCR-D-SEG-LINE-RESEG-DEWARP_0006_OCR-D-BIN-DENOISE-DESKEW_0006_region0002_OCR-D-BIN-DENOISE-DESKEW_0006_region0002_line0003.IMG-DEWARP.png" comments="binarized,despeckled,dewarped"/>
                <pc:Coords points="887,482 882,482 881,483 879,483 878,484 877,484 876,485 875,485 872,488 857,488 856,489 825,489 824,490 797,490 796,491 794,491 792,489 792,488 789,485 787,485 786,484 762,484 761,485 760,485 757,488 756,488 754,490 754,491 752,493 750,493 749,494 738,494 737,495 728,495 726,493 725,493 724,492 723,492 722,491 714,491 713,492 704,492 703,491 677,491 676,490 666,490 665,489 665,486 664,485 664,484 662,485 661,484 649,484 648,485 646,485 645,486 643,486 641,488 641,490 640,491 630,491 629,490 629,488 628,487 628,486 626,486 625,485 621,485 620,484 602,484 601,485 599,485 598,486 596,486 595,487 594,487 590,491 579,491 576,488 576,487 575,486 573,486 572,485 554,485 553,486 552,486 548,490 544,490 543,489 543,488 542,487 542,486 541,485 539,485 538,484 533,484 528,489 526,489 525,490 522,490 521,491 519,491 518,492 515,492 514,491 513,491 512,490 499,490 498,491 481,491 480,492 464,492 463,491 457,491 456,492 454,492 453,493 451,493 450,494 442,494 441,493 439,493 438,492 437,492 436,491 432,491 428,487 426,487 425,486 420,486 419,485 417,485 416,484 403,484 402,485 400,485 396,489 395,489 394,490 392,490 391,491 389,491 388,492 386,492 385,491 384,491 382,489 370,489 369,488 362,488 359,485 357,485 356,484 354,484 353,485 348,485 347,486 346,486 345,485 337,485 336,486 334,486 332,488 311,488 311,541 375,541 376,540 378,540 379,539 389,539 390,540 391,539 402,539 403,538 409,538 410,537 412,537 413,536 430,536 431,537 443,537 445,539 450,539 451,540 452,540 453,539 458,539 460,537 470,537 471,536 476,536 478,538 479,538 480,539 481,539 482,540 487,540 488,539 491,539 492,538 493,538 494,537 495,537 496,536 499,536 500,537 516,537 517,538 614,538 615,539 615,542 616,542 617,543 618,543 619,544 621,544 622,545 625,545 626,546 628,546 629,545 633,545 634,544 634,543 636,541 636,540 638,538 640,538 641,537 642,537 643,536 663,535 664,536 665,536 666,537 702,537 703,538 720,538 721,537 735,537 736,538 738,538 739,537 750,537 751,538 752,538 753,539 760,539 762,541 762,542 763,542 764,543 765,543 766,544 768,544 769,545 774,545 775,546 776,546 777,545 781,545 782,544 783,544 784,543 785,543 786,542 787,542 788,541 789,541 790,540 791,540 792,539 808,539 809,540 809,542 810,543 811,543 812,544 813,544 814,545 818,545 819,546 820,545 824,545 825,544 826,544 827,543 828,543 830,541 830,538 831,537 848,537 849,536 868,536 870,538 870,540 871,541 872,541 873,542 876,542 877,543 880,543 881,544 886,544 887,543 888,543 889,542 890,542 891,541 891,540 892,539 892,538 893,537 923,537 924,536 925,536 926,535 936,535 937,536 938,536 939,537 958,537 959,536 1007,536 1008,537 1008,539 1009,540 1009,541 1010,541 1011,542 1013,542 1014,543 1017,543 1018,544 1021,544 1022,543 1026,543 1027,542 1029,542 1029,541 1030,540 1030,537 1031,536 1056,536 1057,535 1058,535 1059,534 1060,534 1061,533 1069,533 1070,534 1071,534 1072,535 1086,535 1087,534 1103,534 1104,535 1112,535 1113,534 1137,534 1138,533 1159,533 1160,534 1314,534 1315,535 1332,535 1333,536 1333,541 1334,542 1335,542 1336,543 1337,543 1338,544 1344,544 1345,543 1349,543 1350,542 1351,542 1352,541 1353,541 1354,540 1354,536 1355,535 1384,534 1385,535 1422,535 1423,536 1423,537 1424,538 1426,538 1427,539 1430,539 1431,540 1439,540 1440,539 1441,539 1442,538 1443,538 1444,537 1444,536 1445,535 1450,535 1451,534 1473,534 1474,533 1475,533 1476,532 1478,532 1479,531 1488,531 1489,532 1490,532 1491,533 1494,533 1496,535 1496,536 1498,538 1499,538 1500,539 1502,539 1503,540 1511,540 1512,539 1513,539 1514,538 1514,537 1517,534 1517,533 1519,531 1522,531 1523,530 1534,530 1535,529 1537,529 1538,530 1540,530 1541,531 1563,531 1564,532 1573,532 1574,531 1584,531 1585,530 1592,530 1593,531 1594,530 1600,530 1601,529 1622,529 1622,484 1617,484 1616,483 1615,483 1614,482 1605,482 1604,483 1603,483 1602,484 1578,484 1577,485 1544,485 1543,486 1533,486 1531,484 1530,484 1529,483 1520,483 1519,484 1518,484 1517,485 1516,485 1515,486 1476,486 1475,485 1475,483 1474,482 1474,481 1472,481 1471,480 1460,480 1459,481 1456,481 1455,482 1455,483 1454,484 1454,486 1453,487 1438,487 1437,486 1437,483 1436,482 1435,482 1434,481 1433,481 1432,480 1421,480 1420,481 1419,481 1418,482 1417,482 1416,483 1416,485 1414,487 1409,487 1408,488 1369,488 1368,489 1367,489 1366,490 1356,491 1355,490 1354,490 1353,489 1347,489 1346,488 1314,488 1313,487 1292,487 1291,486 1291,485 1290,484 1290,483 1289,482 1287,482 1286,481 1278,481 1277,482 1276,482 1274,484 1273,484 1272,485 1261,485 1260,484 1258,484 1258,485 1257,486 1240,486 1239,485 1239,484 1238,483 1236,483 1235,482 1224,482 1223,483 1221,483 1218,486 1212,486 1211,487 1180,487 1179,488 1172,488 1171,487 1162,487 1161,488 1145,488 1144,489 1143,489 1142,490 1141,490 1140,491 1138,491 1137,492 1130,492 1129,491 1127,491 1126,490 1125,490 1124,489 1122,489 1121,488 1121,485 1120,484 1119,484 1118,483 1117,483 1116,482 1107,482 1106,483 1105,483 1104,484 1102,484 1100,486 1100,487 1098,489 1094,489 1093,490 1085,490 1084,491 1080,491 1079,492 1076,492 1075,491 1071,491 1070,490 1069,490 1068,489 978,489 977,488 958,488 957,487 957,485 956,484 956,483 954,483 953,482 947,482 946,483 945,482 938,482 937,483 935,483 933,485 932,485 929,488 910,488 908,486 908,485 907,484 906,484 905,483 904,483 903,482 894,482 893,481 888,481"/>
                <pc:Baseline points="309,530 1622,519"/>
                <pc:TextEquiv conf="0.956657588481903">
                    <pc:Unicode>Ouãdoquidẽ cõplura/ qᷓ que facile a pueris et rudibus percpi qeant</pc:Unicode>
                </pc:TextEquiv>
            </pc:TextLine>
            <pc:TextLine id="OCR-D-BIN-DENOISE-DESKEW_0006_region0002_line0004">
                <pc:AlternativeImage filename="OCR-D-SEG-LINE-RESEG-DEWARP/OCR-D-SEG-LINE-RESEG-DEWARP_0006_OCR-D-BIN-DENOISE-DESKEW_0006_region0002_OCR-D-BIN-DENOISE-DESKEW_0006_region0002_line0004.IMG-DEWARP.png" comments="binarized,despeckled,dewarped"/>
                <pc:Coords points="1534,531 1523,531 1522,532 1519,532 1518,533 1518,534 1515,537 1515,538 1513,540 1512,540 1511,541 1503,541 1502,540 1500,540 1499,539 1498,539 1496,537 1494,537 1493,536 1493,535 1492,534 1491,534 1490,533 1489,533 1488,532 1479,532 1478,533 1476,533 1475,534 1474,534 1473,535 1471,535 1471,536 1470,537 1459,537 1458,538 1444,538 1443,539 1442,539 1441,540 1440,540 1439,541 1431,541 1430,540 1427,540 1426,539 1424,539 1423,538 1422,539 1421,539 1420,540 1375,540 1374,541 1352,542 1351,543 1350,543 1349,544 1345,544 1344,545 1338,545 1337,544 1336,544 1335,543 1326,543 1325,542 1315,542 1314,541 1304,541 1303,542 1302,542 1301,543 1299,543 1298,542 1298,541 1297,540 1297,539 1295,537 1294,537 1293,536 1292,536 1291,535 1267,535 1265,537 1264,537 1263,538 1262,538 1259,541 1259,542 1258,543 1252,543 1251,542 1241,542 1240,543 1232,543 1231,542 1222,542 1221,543 1213,543 1212,542 1200,542 1199,541 1191,541 1190,542 1172,542 1171,541 1170,541 1169,540 1159,540 1158,541 1157,541 1156,542 1132,542 1131,541 1130,541 1129,540 1121,540 1120,541 1119,541 1118,542 1076,542 1075,541 1075,539 1074,538 1074,537 1073,536 1072,536 1071,535 1070,535 1069,534 1061,534 1060,535 1059,535 1058,536 1057,536 1056,537 1055,537 1055,538 1054,539 1054,540 1052,542 1040,542 1039,543 1027,543 1026,544 1022,544 1021,545 1018,545 1017,544 1014,544 1013,543 1011,543 1010,542 985,542 984,541 974,541 973,542 948,542 947,541 946,541 945,540 942,540 940,538 939,538 938,537 937,537 936,536 926,536 925,537 924,537 923,538 922,538 921,539 921,541 920,542 892,542 891,543 889,543 888,544 887,544 886,545 881,545 880,544 877,544 876,543 873,543 872,542 870,542 869,543 829,543 828,544 827,544 826,545 825,545 824,546 820,546 819,547 818,546 814,546 813,545 812,545 811,544 798,544 797,545 792,545 791,544 784,544 783,545 782,545 781,546 777,546 776,547 775,547 774,546 769,546 768,545 766,545 765,544 764,544 763,543 756,543 755,542 755,541 754,540 753,540 752,539 751,539 750,538 739,538 738,539 736,539 735,538 721,538 720,539 718,539 717,540 717,541 715,543 669,543 668,542 668,539 667,538 666,538 665,537 664,537 663,536 643,537 642,538 641,538 640,539 638,539 637,540 637,541 635,543 635,544 633,546 629,546 628,547 626,547 625,546 622,546 621,545 619,545 618,544 617,544 616,543 613,543 612,544 554,544 553,543 540,543 539,542 529,542 528,541 517,541 516,540 504,540 502,538 500,538 499,537 496,537 495,538 494,538 493,539 492,539 491,540 488,540 487,541 482,541 481,540 480,540 479,539 478,539 476,537 471,537 470,538 461,538 460,539 459,539 458,540 453,540 452,541 451,541 450,540 445,540 444,541 435,541 434,540 434,539 433,538 431,538 430,537 413,537 412,538 410,538 409,539 406,539 405,540 404,540 403,541 402,541 399,544 393,544 392,543 392,542 391,541 390,541 389,540 379,540 378,541 376,541 375,542 374,542 372,544 343,544 342,545 334,545 333,544 322,544 321,545 311,545 311,588 323,588 324,589 326,589 327,588 333,588 334,589 356,589 357,590 367,590 368,591 374,591 375,590 382,590 383,591 384,591 385,592 394,592 395,591 396,591 397,590 409,590 410,589 423,589 424,588 427,588 428,589 429,589 430,590 435,590 436,589 438,589 439,588 441,588 442,589 451,589 452,590 473,590 474,591 477,591 478,592 489,592 490,591 502,591 503,592 528,592 529,593 529,596 530,597 531,597 533,599 536,599 537,598 538,598 539,597 540,597 541,596 542,596 544,594 546,594 548,592 549,592 550,591 552,591 553,592 561,592 562,591 585,591 586,590 632,590 633,589 638,589 639,590 647,590 648,591 658,591 659,590 684,589 685,588 687,588 688,587 692,587 693,588 704,588 705,589 797,589 798,588 814,588 815,589 823,589 824,588 855,588 856,589 857,589 858,588 861,588 862,587 867,587 868,586 878,586 879,587 881,587 882,588 888,588 889,589 947,589 948,588 967,588 968,587 980,587 981,586 1015,586 1016,585 1018,585 1019,586 1038,586 1039,587 1057,587 1058,586 1059,586 1060,585 1072,585 1073,586 1074,586 1075,587 1089,587 1090,586 1154,586 1155,587 1168,587 1169,586 1181,586 1182,587 1187,587 1188,588 1198,588 1199,587 1230,587 1231,588 1242,588 1243,589 1251,589 1252,588 1261,588 1262,587 1271,587 1274,590 1287,590 1288,591 1289,591 1290,592 1292,592 1294,590 1296,590 1298,592 1298,593 1299,593 1300,594 1301,594 1302,595 1307,595 1308,596 1310,596 1311,595 1315,595 1316,594 1317,594 1318,593 1319,593 1319,591 1321,589 1333,589 1334,588 1348,588 1349,587 1355,587 1356,588 1384,587 1385,588 1385,592 1386,593 1387,593 1388,594 1391,594 1392,595 1395,595 1396,596 1397,596 1403,590 1403,589 1407,585 1413,585 1414,586 1415,586 1416,587 1425,587 1426,586 1451,586 1452,585 1468,585 1469,584 1470,584 1471,583 1473,583 1474,582 1481,582 1482,583 1493,583 1494,584 1505,584 1506,585 1506,586 1507,587 1507,588 1508,589 1510,589 1511,590 1515,590 1516,591 1518,591 1519,590 1523,590 1524,589 1526,589 1527,588 1527,587 1528,586 1528,585 1529,584 1550,584 1551,585 1561,585 1562,584 1585,584 1586,585 1594,585 1595,586 1603,586 1604,585 1622,585 1622,531 1621,531 1620,530 1601,530 1600,531 1594,531 1593,532 1592,531 1588,531 1587,532 1581,532 1580,533 1575,533 1574,534 1569,534 1568,535 1562,535 1561,536 1553,536 1552,537 1545,537 1544,536 1544,534 1543,533 1543,532 1541,532 1540,531 1538,531 1537,530 1535,530"/>
                <pc:Baseline points="309,579 1622,573"/>
                <pc:TextEquiv conf="0.913273394107819">
                    <pc:Unicode>tradñt. Et que etiã melius auctoritate ac imitattone qᷓ; preceptis diſcut̃</pc:Unicode>
                </pc:TextEquiv>
            </pc:TextLine>
            <pc:TextLine id="OCR-D-BIN-DENOISE-DESKEW_0006_region0002_line0005">
                <pc:AlternativeImage filename="OCR-D-SEG-LINE-RESEG-DEWARP/OCR-D-SEG-LINE-RESEG-DEWARP_0006_OCR-D-BIN-DENOISE-DESKEW_0006_region0002_OCR-D-BIN-DENOISE-DESKEW_0006_region0002_line0005.IMG-DEWARP.png" comments="binarized,despeckled,dewarped"/>
                <pc:Coords points="1473,584 1471,584 1470,585 1469,585 1468,586 1466,586 1466,587 1465,588 1465,589 1464,590 1451,590 1450,591 1439,591 1438,592 1427,592 1426,593 1419,593 1418,592 1418,589 1417,588 1416,588 1415,587 1414,587 1413,586 1407,586 1404,589 1404,590 1397,597 1396,597 1395,596 1392,596 1391,595 1388,595 1387,594 1377,594 1376,593 1357,594 1356,593 1347,593 1346,594 1318,594 1317,595 1316,595 1315,596 1311,596 1310,597 1308,597 1307,596 1302,596 1301,595 1300,595 1299,594 1293,594 1292,595 1291,595 1290,594 1290,593 1289,592 1288,592 1287,591 1274,591 1271,588 1262,588 1261,589 1252,589 1251,590 1249,590 1249,591 1248,592 1248,593 1247,594 1205,594 1204,593 1186,593 1185,592 1185,590 1184,589 1184,588 1182,588 1181,587 1169,587 1168,588 1166,588 1166,589 1165,590 1165,591 1163,593 1156,593 1155,592 1154,592 1153,591 1153,590 1151,588 1150,588 1149,587 1141,587 1140,588 1139,588 1134,593 1113,593 1112,592 1110,592 1108,590 1108,589 1106,587 1092,587 1088,591 1080,591 1079,590 1078,590 1077,589 1077,588 1075,588 1074,587 1073,587 1072,586 1060,586 1059,587 1058,587 1057,588 1039,588 1038,587 1019,587 1018,586 1016,586 1015,587 981,587 980,588 968,588 967,589 953,589 952,590 948,590 947,591 942,591 941,592 936,592 935,593 927,593 926,594 911,594 910,595 886,595 885,594 885,591 884,590 884,589 882,589 881,588 879,588 878,587 868,587 867,588 862,588 861,589 858,589 857,590 855,590 853,592 853,593 852,594 814,594 812,592 812,591 810,589 798,589 797,590 794,590 792,592 792,593 791,594 769,594 768,595 748,595 747,596 710,596 709,595 709,593 708,592 708,591 707,590 705,590 704,589 693,589 692,588 688,588 687,589 685,589 684,590 680,590 678,592 678,593 677,594 677,595 676,596 644,597 643,596 643,594 642,593 642,592 641,591 639,591 638,590 633,590 632,591 626,591 624,593 624,594 622,596 621,596 620,595 612,595 611,596 610,596 609,597 586,597 585,596 584,596 583,595 574,595 573,596 572,596 571,597 569,597 568,598 557,598 556,597 556,595 555,594 555,593 553,593 552,592 550,592 549,593 548,593 546,595 544,595 542,597 541,597 540,598 539,598 538,599 537,599 536,600 533,600 531,598 530,598 529,597 518,597 517,596 507,596 505,594 505,593 503,593 502,592 490,592 489,593 487,593 486,594 480,594 479,593 477,593 476,592 474,592 473,591 452,591 451,590 442,590 441,589 439,589 438,590 436,590 435,591 433,591 433,592 432,593 431,592 431,591 430,591 429,590 428,590 427,589 424,589 423,590 410,590 409,591 406,591 404,593 403,593 401,595 388,595 387,594 382,594 381,593 376,593 375,592 368,592 367,591 357,591 356,590 334,590 333,589 327,589 326,590 324,590 323,589 311,589 311,644 323,644 324,643 332,643 333,644 368,644 369,645 395,645 396,646 396,647 397,648 397,649 398,650 399,650 400,651 401,651 402,652 410,652 411,651 412,651 413,650 414,650 415,649 415,648 416,647 416,646 417,645 450,645 451,644 456,644 457,643 468,643 469,644 474,644 475,645 484,645 485,644 493,644 494,643 496,643 497,642 507,642 508,643 510,643 511,644 523,644 524,643 536,643 537,644 546,644 547,643 611,643 612,644 672,643 673,644 673,646 674,647 674,648 676,648 677,649 688,649 689,648 691,648 691,647 692,646 692,644 693,643 729,643 730,642 752,642 753,641 779,641 780,640 783,640 784,639 788,639 789,640 801,640 802,641 847,641 848,642 848,646 849,647 850,647 851,648 852,648 853,649 857,649 858,650 859,650 860,649 863,649 864,648 865,648 866,647 867,647 869,645 869,642 870,641 873,641 874,642 878,642 879,641 908,641 909,640 934,640 935,641 940,641 941,640 944,640 945,639 951,639 952,640 954,640 955,639 969,639 970,638 984,638 985,639 987,639 988,638 996,638 997,639 1008,639 1009,638 1012,638 1013,637 1020,637 1021,638 1025,638 1026,639 1030,639 1031,638 1033,638 1034,639 1036,639 1037,640 1046,640 1047,641 1057,641 1058,640 1122,640 1123,639 1255,639 1256,640 1266,640 1267,639 1271,639 1272,640 1280,640 1281,639 1322,639 1323,640 1323,642 1324,643 1324,644 1325,645 1325,646 1327,646 1328,647 1329,647 1330,648 1335,648 1336,649 1337,648 1343,648 1344,649 1349,649 1350,648 1354,648 1355,647 1357,647 1359,645 1360,645 1362,643 1362,642 1363,641 1363,640 1364,639 1381,638 1382,639 1448,639 1449,640 1459,640 1460,639 1461,639 1462,638 1495,638 1496,639 1505,639 1506,638 1507,638 1508,637 1511,637 1512,638 1520,638 1521,637 1544,637 1545,636 1557,636 1558,635 1563,635 1564,634 1569,634 1570,633 1600,633 1601,634 1609,634 1610,633 1622,633 1622,589 1617,589 1616,588 1608,588 1607,589 1602,589 1600,587 1595,587 1594,586 1590,586 1589,587 1588,587 1587,588 1586,588 1585,589 1538,589 1537,590 1524,590 1523,591 1519,591 1518,592 1516,592 1515,591 1511,591 1510,590 1500,590 1498,588 1498,587 1496,585 1494,585 1493,584 1482,584 1481,583 1474,583"/>
                <pc:Baseline points="309,634 1622,622"/>
                <pc:TextEquiv conf="0.940857708454132">
                    <pc:Unicode>Aut ſolidion etati reſeruanda foꝛent Multitudine em ingenia oftuunt /</pc:Unicode>
                </pc:TextEquiv>
            </pc:TextLine>
            <pc:TextLine id="OCR-D-BIN-DENOISE-DESKEW_0006_region0002_line0006">
                <pc:AlternativeImage filename="OCR-D-SEG-LINE-RESEG-DEWARP/OCR-D-SEG-LINE-RESEG-DEWARP_0006_OCR-D-BIN-DENOISE-DESKEW_0006_region0002_OCR-D-BIN-DENOISE-DESKEW_0006_region0002_line0006.IMG-DEWARP.png" comments="binarized,despeckled,dewarped"/>
                <pc:Coords points="1569,635 1564,635 1563,636 1558,636 1557,637 1545,637 1544,638 1532,638 1531,639 1527,639 1526,640 1521,640 1520,641 1514,641 1513,642 1503,642 1502,643 1484,643 1483,644 1448,644 1447,645 1425,645 1424,644 1423,644 1422,643 1412,643 1411,644 1386,644 1384,642 1384,641 1383,640 1382,640 1381,639 1368,639 1363,645 1361,645 1360,646 1359,646 1357,648 1355,648 1354,649 1350,649 1349,650 1344,650 1343,649 1337,649 1336,650 1335,649 1330,649 1329,648 1328,648 1327,647 1324,647 1323,646 1312,646 1311,645 1303,645 1302,646 1092,646 1091,645 1074,645 1073,644 1073,643 1071,641 1058,641 1057,642 1056,642 1054,644 1049,644 1048,643 1040,643 1039,642 1039,641 1037,641 1036,640 1034,640 1033,639 1031,639 1030,640 1026,640 1025,639 1021,639 1020,638 1013,638 1012,639 1009,639 1008,640 997,640 996,639 988,639 987,640 985,640 984,639 970,639 969,640 955,640 954,641 952,641 951,640 945,640 944,641 941,641 940,642 934,642 933,643 929,643 928,644 923,644 922,645 915,645 914,646 898,646 897,645 897,644 895,642 879,642 878,643 872,643 867,648 866,648 865,649 864,649 863,650 860,650 859,651 858,651 857,650 853,650 852,649 851,649 850,648 825,648 824,649 808,649 807,648 806,648 805,647 805,645 804,644 804,643 803,642 802,642 801,641 789,641 788,640 784,640 783,641 780,641 779,642 776,642 774,644 773,644 769,648 765,648 763,646 763,645 761,643 760,643 759,642 753,642 752,643 747,643 742,648 704,648 703,647 695,647 694,648 693,648 692,649 689,649 688,650 677,650 676,649 660,650 659,651 645,651 644,650 591,650 590,649 589,649 588,648 580,648 579,649 578,649 577,650 515,650 514,649 514,647 513,646 513,645 511,645 510,644 508,644 507,643 497,643 496,644 494,644 493,645 491,645 491,646 490,647 490,649 489,650 474,650 473,649 473,648 472,647 472,646 471,645 469,645 468,644 457,644 456,645 453,645 451,647 451,648 449,650 439,650 438,651 413,651 412,652 411,652 411,653 403,653 401,652 400,652 399,651 393,651 392,650 373,650 372,649 358,649 357,648 341,648 340,647 337,647 335,645 333,645 332,644 324,644 323,645 319,645 317,647 311,647 311,696 329,696 330,697 338,697 339,696 403,696 404,697 425,697 426,698 454,698 455,699 455,702 456,703 457,703 458,704 459,704 460,705 464,705 465,706 469,706 470,705 471,705 472,704 475,704 481,698 500,698 501,697 502,697 503,696 505,696 506,695 516,695 517,696 518,696 519,697 519,698 520,699 520,700 521,701 521,703 522,704 522,705 529,705 530,704 534,704 535,703 537,703 537,702 538,701 538,699 539,698 561,698 562,697 579,697 580,696 607,696 608,695 628,695 629,696 663,696 664,694 675,694 676,695 704,695 705,694 715,694 716,695 749,695 750,694 761,694 762,695 763,694 771,694 772,695 784,695 785,696 795,696 796,695 857,695 858,694 860,694 861,693 865,693 868,696 869,696 875,702 877,702 878,701 880,701 881,700 883,700 885,698 885,695 886,694 887,694 888,693 938,693 939,694 941,694 942,695 949,695 951,693 952,693 953,692 969,692 970,693 974,693 975,692 984,692 985,693 987,693 988,694 993,694 994,693 995,693 996,694 996,697 997,697 998,698 999,698 1000,699 1001,699 1002,700 1005,700 1006,701 1007,700 1011,700 1012,699 1013,699 1014,698 1016,698 1017,697 1017,696 1018,695 1018,694 1019,693 1020,693 1021,694 1029,694 1030,693 1041,693 1042,692 1065,692 1066,693 1081,693 1082,692 1106,692 1107,691 1111,691 1112,690 1124,690 1131,697 1134,697 1135,698 1143,698 1144,697 1146,697 1147,696 1149,696 1150,695 1151,695 1152,694 1153,694 1154,693 1156,693 1158,691 1159,691 1160,690 1163,690 1164,691 1172,691 1173,692 1188,692 1189,691 1194,691 1195,690 1212,690 1213,691 1269,691 1270,692 1303,692 1304,691 1316,691 1317,692 1321,692 1322,693 1330,693 1331,692 1342,692 1343,693 1366,692 1367,691 1368,691 1369,690 1379,690 1380,691 1381,691 1382,692 1427,692 1428,691 1446,691 1447,690 1449,690 1450,689 1459,689 1460,688 1468,688 1469,689 1480,689 1481,690 1492,690 1493,689 1518,689 1519,688 1522,688 1523,689 1527,689 1528,688 1531,688 1532,687 1536,687 1537,688 1538,688 1539,689 1540,689 1541,690 1545,690 1546,689 1547,689 1548,688 1586,688 1587,689 1622,689 1622,666 1622,636 1615,636 1614,635 1601,635 1600,634 1570,634"/>
                <pc:Baseline points="310,685 1623,678"/>
                <pc:TextEquiv conf="0.95599764585495">
                    <pc:Unicode>dum nihil pretermittendũ cenſent. A ſtudio grammattce deterrent. Et</pc:Unicode>
                </pc:TextEquiv>
            </pc:TextLine>
            <pc:TextLine id="OCR-D-BIN-DENOISE-DESKEW_0006_region0002_line0007">
                <pc:AlternativeImage filename="OCR-D-SEG-LINE-RESEG-DEWARP/OCR-D-SEG-LINE-RESEG-DEWARP_0006_OCR-D-BIN-DENOISE-DESKEW_0006_region0002_OCR-D-BIN-DENOISE-DESKEW_0006_region0002_line0007.IMG-DEWARP.png" comments="binarized,despeckled,dewarped"/>
                <pc:Coords points="1531,689 1528,689 1527,690 1525,690 1523,692 1523,693 1522,694 1515,694 1514,693 1514,692 1512,690 1498,690 1494,694 1481,694 1480,693 1480,692 1478,690 1469,690 1468,689 1460,689 1459,690 1450,690 1449,691 1447,691 1446,692 1443,692 1440,695 1431,695 1430,696 1418,696 1417,697 1390,697 1389,698 1388,697 1385,697 1384,696 1384,694 1383,693 1382,693 1381,692 1380,692 1379,691 1369,691 1368,692 1367,692 1366,693 1364,694 1364,695 1363,696 1363,697 1361,699 1347,699 1346,698 1346,696 1345,695 1345,694 1343,694 1342,693 1331,693 1330,694 1328,694 1327,695 1327,696 1326,697 1324,695 1324,694 1322,694 1321,693 1317,693 1316,692 1304,692 1303,693 1300,693 1299,694 1298,694 1293,699 1218,699 1217,698 1217,695 1216,694 1216,693 1215,692 1213,692 1212,691 1195,691 1194,692 1189,692 1188,693 1185,693 1181,697 1176,697 1175,696 1170,696 1166,692 1164,692 1163,691 1160,691 1159,692 1158,692 1156,694 1154,694 1153,695 1152,695 1151,696 1150,696 1149,697 1147,697 1146,698 1144,698 1143,699 1135,699 1134,698 1131,698 1124,691 1112,691 1111,692 1107,692 1106,693 1099,693 1098,694 1083,694 1082,695 1074,695 1073,696 1070,696 1068,694 1066,694 1065,693 1042,693 1041,694 1038,694 1033,699 1014,699 1013,700 1012,700 1011,701 1007,701 1006,702 1005,701 1002,701 1001,700 1000,700 999,699 998,699 997,698 991,698 989,696 989,695 988,695 987,694 985,694 984,693 975,693 974,694 970,694 969,693 953,693 952,694 951,694 949,696 948,696 945,699 944,698 944,697 943,696 942,696 941,695 939,695 938,694 924,694 923,695 920,695 919,696 918,696 914,700 908,700 907,701 887,701 886,700 884,700 883,701 881,701 880,702 878,702 877,703 875,703 869,697 868,697 865,694 861,694 860,695 858,695 857,696 857,697 855,699 845,699 844,700 843,700 841,702 840,701 830,701 829,702 813,702 812,701 790,701 789,700 777,700 776,699 776,698 774,696 772,696 771,695 763,695 762,696 761,695 750,695 749,696 748,696 745,699 720,699 719,698 719,697 718,696 716,696 715,695 705,695 704,696 702,696 701,697 700,697 698,699 680,699 679,698 679,697 678,696 676,696 675,695 664,695 663,697 661,697 660,698 660,699 657,702 629,702 628,703 613,703 612,702 602,702 601,703 549,703 548,704 535,704 534,705 530,705 529,706 522,706 521,705 521,704 520,703 520,701 519,700 519,699 518,698 518,697 517,697 516,696 506,696 505,697 503,697 502,698 501,698 500,699 499,699 498,700 498,705 497,706 496,706 495,705 494,705 493,704 484,704 483,705 472,705 471,706 470,706 469,707 465,707 464,706 460,706 459,705 458,705 457,704 448,704 447,703 438,703 437,704 406,704 405,703 311,703 311,753 320,753 321,754 330,754 331,753 335,753 336,752 347,752 349,754 350,754 351,755 359,755 360,754 361,754 363,752 366,752 367,753 367,756 368,757 368,758 370,758 371,759 372,759 373,760 382,760 383,759 385,759 386,758 387,758 388,757 389,757 390,756 390,753 391,752 426,752 427,751 496,751 497,750 498,750 499,749 509,749 510,750 511,750 512,751 527,751 528,752 538,752 539,751 551,751 552,752 552,753 553,754 554,754 555,755 556,755 557,756 565,756 566,755 569,755 570,754 571,754 572,753 573,753 574,752 574,751 575,750 587,750 588,749 596,749 597,748 600,748 601,747 604,747 605,746 614,746 615,747 629,747 630,748 631,748 634,751 635,751 636,752 647,752 648,751 649,751 651,749 660,749 661,750 670,749 671,748 693,748 694,747 707,747 708,748 735,748 736,749 738,749 739,750 739,752 741,754 743,754 744,755 747,755 748,756 750,756 751,755 754,755 755,756 769,756 770,755 771,755 772,754 773,754 773,750 774,749 786,749 787,748 789,748 790,747 794,747 795,746 812,746 813,747 814,747 815,748 821,748 822,747 829,747 830,748 840,748 841,747 861,747 862,746 869,746 870,745 878,745 879,746 880,745 885,745 886,746 901,746 902,745 903,745 904,746 939,746 940,747 940,750 941,751 942,751 943,752 944,752 945,753 947,753 948,754 955,754 956,753 957,753 958,752 959,752 960,751 960,748 962,746 1006,746 1007,745 1087,745 1088,746 1131,746 1132,745 1134,745 1135,744 1138,744 1139,743 1165,743 1166,744 1167,744 1168,745 1178,745 1179,744 1186,744 1188,746 1189,746 1190,747 1198,747 1199,746 1200,746 1201,745 1202,745 1203,744 1210,744 1211,743 1221,743 1222,744 1223,744 1224,743 1236,743 1237,744 1245,744 1246,743 1247,743 1248,742 1263,742 1264,741 1265,741 1266,742 1267,741 1269,741 1270,742 1275,742 1276,743 1299,743 1300,744 1320,744 1321,745 1331,745 1332,746 1332,748 1333,749 1334,749 1335,750 1336,750 1339,753 1341,753 1342,754 1350,754 1351,755 1354,755 1355,754 1359,754 1360,753 1363,753 1364,752 1365,752 1366,750 1368,750 1371,747 1371,746 1373,744 1391,744 1392,743 1397,743 1398,742 1436,742 1437,743 1438,743 1439,744 1440,744 1441,745 1443,745 1444,746 1450,746 1451,745 1453,745 1454,744 1455,744 1456,743 1457,743 1458,742 1459,742 1460,743 1469,743 1470,742 1485,742 1486,743 1491,743 1492,742 1493,742 1494,741 1495,741 1496,740 1520,740 1521,741 1522,741 1523,742 1525,742 1526,741 1536,741 1537,742 1538,742 1539,743 1553,743 1554,744 1554,747 1555,747 1556,748 1557,748 1558,749 1560,749 1561,750 1570,750 1571,749 1572,749 1573,748 1574,748 1575,747 1575,746 1576,745 1576,744 1577,743 1579,743 1580,744 1589,744 1590,743 1591,743 1592,742 1603,742 1604,741 1615,741 1616,740 1623,740 1623,697 1622,696 1621,696 1620,695 1610,695 1609,696 1594,696 1593,695 1592,695 1591,694 1591,693 1590,692 1590,691 1589,690 1587,690 1586,689 1565,689 1564,690 1563,690 1562,691 1561,691 1559,693 1559,694 1558,695 1545,695 1544,694 1544,693 1543,692 1543,691 1541,691 1540,690 1539,690 1538,689 1537,689 1536,688 1532,688"/>
                <pc:Baseline points="310,741 1623,731"/>
                <pc:TextEquiv conf="0.970824837684631">
                    <pc:Unicode>Cexpertus loquor) in deſperationẽ ſeducũt. Ob cõmunẽ igitur ſtudioſo⸗</pc:Unicode>
                </pc:TextEquiv>
            </pc:TextLine>
            <pc:TextLine id="OCR-D-BIN-DENOISE-DESKEW_0006_region0002_line0008">
                <pc:AlternativeImage filename="OCR-D-SEG-LINE-RESEG-DEWARP/OCR-D-SEG-LINE-RESEG-DEWARP_0006_OCR-D-BIN-DENOISE-DESKEW_0006_region0002_OCR-D-BIN-DENOISE-DESKEW_0006_region0002_line0008.IMG-DEWARP.png" comments="binarized,despeckled,dewarped"/>
                <pc:Coords points="1263,743 1248,743 1247,744 1246,744 1245,745 1244,745 1243,746 1243,747 1240,750 1226,750 1225,749 1225,748 1224,747 1224,746 1223,745 1222,745 1221,744 1211,744 1210,745 1207,745 1205,747 1205,748 1204,749 1204,750 1203,751 1201,751 1200,752 1174,752 1173,751 1171,751 1170,750 1170,747 1169,746 1168,746 1167,745 1166,745 1165,744 1139,744 1138,745 1135,745 1134,746 1132,746 1131,747 1129,747 1127,749 1127,750 1126,751 1116,751 1115,750 1107,750 1106,751 1093,751 1092,752 1050,752 1049,751 1048,751 1047,750 1037,750 1036,751 1035,751 1034,752 1000,752 999,753 958,753 957,754 956,754 955,755 948,755 947,754 945,754 944,753 943,753 942,752 941,752 940,751 938,751 937,752 936,752 935,753 911,753 910,752 909,752 908,751 899,751 898,752 897,752 896,753 890,753 889,752 889,749 888,748 888,747 886,747 885,746 880,746 879,747 878,746 870,746 869,747 867,747 867,748 866,749 866,752 865,753 837,753 836,754 819,754 818,753 818,751 817,750 817,749 815,749 814,748 813,748 812,747 795,747 794,748 790,748 789,749 787,749 786,750 784,750 782,752 782,753 780,755 772,755 771,756 770,756 769,757 755,757 754,756 751,756 750,757 748,757 747,756 744,756 743,755 741,755 740,754 739,754 738,755 730,755 729,754 660,755 659,754 651,754 650,753 636,753 635,752 634,752 631,749 630,749 629,748 615,748 614,747 605,747 604,748 601,748 600,749 597,749 596,750 591,750 590,751 584,751 583,752 575,752 573,754 572,754 571,755 570,755 569,756 566,756 565,757 557,757 556,756 555,756 554,755 550,755 549,756 515,756 514,755 514,753 513,752 512,752 511,751 510,751 509,750 499,750 498,751 497,751 496,752 494,752 494,753 493,754 493,755 491,757 463,757 462,758 388,758 387,759 386,759 385,760 383,760 382,761 373,761 372,760 371,760 370,759 311,759 311,805 352,805 353,804 354,805 362,805 363,804 411,804 412,803 414,803 415,802 422,802 424,804 425,804 426,805 426,806 428,806 429,807 439,807 440,806 440,805 441,804 444,804 445,803 499,803 500,804 500,807 501,808 501,809 503,809 504,810 505,809 508,809 509,808 510,808 511,807 512,807 513,806 514,806 515,805 516,805 517,804 517,803 520,800 532,800 533,799 546,799 547,800 548,800 549,801 559,801 560,802 571,802 572,801 636,801 637,800 655,800 656,799 659,799 660,798 673,797 674,798 675,798 676,799 677,799 678,800 684,800 685,799 691,799 692,800 697,800 698,799 700,799 701,800 711,800 712,801 721,801 722,800 723,800 724,799 727,799 728,798 733,798 734,797 744,797 745,798 752,798 753,799 755,799 757,801 766,801 767,800 797,800 798,801 807,801 808,800 839,800 840,799 851,799 852,798 855,798 856,797 876,797 877,798 878,798 879,799 953,799 954,798 955,798 956,797 966,797 967,798 979,798 980,799 988,799 989,798 992,798 993,799 1002,799 1003,798 1009,798 1010,799 1041,799 1042,800 1052,800 1054,802 1054,803 1056,805 1086,805 1087,804 1088,804 1089,803 1090,803 1090,802 1091,801 1091,800 1092,799 1114,799 1115,798 1126,798 1127,797 1149,797 1150,798 1160,798 1161,797 1165,797 1166,796 1176,796 1177,797 1236,797 1237,798 1237,802 1238,803 1239,803 1240,804 1241,804 1242,805 1252,805 1253,804 1254,804 1255,803 1257,803 1257,802 1258,801 1258,798 1259,797 1345,797 1346,798 1357,798 1358,799 1368,798 1369,797 1385,797 1386,798 1392,798 1393,799 1393,800 1411,800 1412,799 1413,799 1414,798 1421,798 1422,799 1423,798 1424,798 1425,799 1425,802 1426,802 1427,803 1428,803 1429,804 1433,804 1434,805 1437,805 1438,804 1442,804 1443,803 1444,803 1445,802 1446,802 1446,799 1447,798 1470,798 1471,797 1482,797 1483,796 1484,796 1485,795 1494,795 1495,796 1496,796 1497,797 1522,797 1523,796 1545,796 1546,795 1547,795 1548,794 1550,794 1551,793 1563,793 1564,794 1566,794 1567,795 1568,795 1569,794 1603,794 1604,793 1623,793 1623,750 1622,750 1621,749 1594,749 1593,748 1582,748 1581,749 1573,749 1572,750 1571,750 1570,751 1561,751 1560,750 1558,750 1557,749 1556,749 1555,748 1542,748 1541,747 1541,746 1540,745 1540,744 1539,744 1538,743 1537,743 1536,742 1526,742 1525,743 1523,743 1522,742 1521,742 1520,741 1496,741 1495,742 1494,742 1493,743 1492,743 1490,745 1490,746 1488,748 1474,748 1473,749 1463,749 1462,748 1462,746 1461,745 1461,744 1460,744 1459,743 1458,743 1457,744 1456,744 1455,745 1454,745 1453,746 1451,746 1450,747 1444,747 1443,746 1441,746 1440,745 1439,745 1438,744 1437,744 1436,743 1434,743 1429,748 1429,749 1428,750 1427,750 1425,748 1425,747 1422,744 1421,744 1420,743 1398,743 1397,744 1392,744 1391,745 1389,745 1385,749 1385,750 1383,752 1372,752 1371,751 1370,751 1369,750 1368,751 1366,751 1365,753 1364,753 1363,754 1360,754 1359,755 1355,755 1354,756 1351,756 1350,755 1342,755 1341,754 1339,754 1336,751 1335,751 1334,750 1328,750 1327,751 1310,751 1309,750 1281,750 1280,749 1280,747 1279,746 1279,745 1278,744 1276,744 1275,743 1270,743 1269,742 1267,742 1266,743 1265,742 1264,742"/>
                <pc:Baseline points="310,794 1623,783"/>
                <pc:TextEquiv conf="0.943930149078369">
                    <pc:Unicode>rum/pecipue Germanoꝛũ vtilitatem/ et ꝙ om̃is inſtitutio qᷓ; facillima-</pc:Unicode>
                </pc:TextEquiv>
            </pc:TextLine>
            <pc:TextLine id="OCR-D-BIN-DENOISE-DESKEW_0006_region0002_line0009">
                <pc:AlternativeImage filename="OCR-D-SEG-LINE-RESEG-DEWARP/OCR-D-SEG-LINE-RESEG-DEWARP_0006_OCR-D-BIN-DENOISE-DESKEW_0006_region0002_OCR-D-BIN-DENOISE-DESKEW_0006_region0002_line0009.IMG-DEWARP.png" comments="binarized,despeckled,dewarped"/>
                <pc:Coords points="1550,795 1548,795 1547,796 1546,796 1545,797 1544,797 1544,800 1543,801 1541,801 1540,800 1532,800 1531,801 1517,801 1516,802 1501,802 1500,801 1500,800 1499,799 1499,798 1497,798 1496,797 1495,797 1494,796 1485,796 1484,797 1483,797 1482,798 1480,798 1480,799 1479,800 1479,801 1477,803 1445,803 1444,804 1443,804 1442,805 1438,805 1437,806 1434,806 1433,805 1429,805 1428,804 1427,804 1426,803 1424,803 1423,802 1423,801 1421,799 1414,799 1413,800 1412,800 1411,801 1392,801 1390,803 1382,803 1381,802 1351,803 1349,801 1349,800 1348,799 1346,799 1345,798 1333,798 1328,803 1280,803 1279,804 1255,804 1254,805 1253,805 1252,806 1242,806 1241,805 1240,805 1239,804 1182,804 1181,803 1181,801 1180,800 1180,799 1179,798 1177,798 1176,797 1166,797 1165,798 1163,798 1161,800 1161,801 1160,802 1160,803 1159,804 1130,804 1129,803 1128,803 1127,802 1119,802 1118,803 1117,803 1116,804 1089,804 1088,805 1087,805 1086,806 1038,806 1037,805 972,805 971,804 971,802 970,801 970,800 969,799 967,799 966,798 956,798 955,799 954,799 953,800 951,800 951,801 950,802 950,803 949,804 948,803 938,803 937,804 936,804 935,805 892,805 891,804 882,804 881,803 881,801 880,800 879,800 878,799 877,799 876,798 856,798 855,799 852,799 851,800 848,800 844,804 840,804 839,805 807,805 806,806 779,806 778,805 758,805 757,804 757,803 756,802 756,801 755,800 753,800 752,799 745,799 744,798 734,798 733,799 728,799 727,800 725,800 723,802 723,803 722,804 711,804 710,803 699,803 697,801 692,801 691,800 686,800 685,801 684,801 683,802 680,802 679,801 678,801 677,800 676,800 675,799 674,799 673,798 660,799 659,800 656,800 655,801 640,801 638,803 637,803 635,805 633,805 632,806 629,806 628,807 624,807 623,808 616,808 615,809 553,809 552,808 552,804 551,803 551,802 549,802 548,801 547,801 546,800 533,800 532,801 520,801 518,803 518,804 516,806 515,806 514,807 513,807 512,808 511,808 510,809 509,809 508,810 505,810 504,811 503,810 442,810 441,809 441,808 440,807 439,808 429,808 428,807 426,807 425,806 425,805 424,805 422,803 415,803 414,804 412,804 411,805 409,805 407,807 407,808 405,810 389,810 388,811 363,811 362,810 361,810 360,809 352,809 351,810 350,810 349,811 348,811 347,812 330,812 329,813 311,813 311,859 372,859 373,860 373,861 375,863 377,863 378,864 388,864 389,863 390,863 393,860 394,860 395,859 397,859 400,856 402,856 403,855 418,855 419,856 420,856 421,857 426,857 427,856 481,856 482,857 500,857 501,858 501,860 502,861 502,862 504,862 505,863 509,863 510,864 511,864 512,863 516,863 517,862 518,862 519,863 523,863 524,864 526,864 527,863 531,863 532,862 534,862 535,861 535,860 536,859 536,858 537,857 538,857 539,856 559,856 560,855 601,855 602,856 627,856 628,857 628,860 629,861 630,861 631,862 632,862 633,863 639,863 640,862 646,862 647,863 651,863 652,864 654,864 655,863 659,863 660,862 661,862 662,861 663,860 664,859 664,856 665,855 690,855 691,854 707,854 708,853 740,853 741,852 799,852 800,853 800,856 801,857 801,858 802,859 805,859 806,860 808,860 809,861 811,861 812,862 821,862 823,860 824,860 825,859 826,859 828,857 829,857 832,854 833,854 837,850 838,850 839,849 840,850 841,849 848,849 849,850 851,850 852,851 856,851 857,852 859,852 860,853 861,853 862,854 870,854 873,851 874,851 875,850 885,850 886,851 910,851 911,852 915,852 916,851 927,851 928,852 930,852 931,853 933,853 934,852 994,852 995,853 995,856 997,858 998,858 999,859 1001,859 1002,860 1011,860 1012,859 1013,859 1014,858 1015,858 1017,856 1017,853 1018,852 1049,852 1050,851 1080,851 1081,852 1081,854 1083,856 1084,856 1085,857 1087,857 1088,858 1096,858 1097,857 1099,857 1100,856 1101,856 1102,855 1102,854 1103,853 1103,852 1104,851 1105,851 1106,850 1107,850 1108,849 1109,849 1110,848 1138,848 1139,849 1140,849 1141,850 1150,850 1151,849 1162,849 1163,850 1167,850 1168,849 1171,849 1172,848 1193,848 1194,849 1245,849 1246,848 1249,848 1250,847 1267,847 1268,848 1269,848 1270,849 1275,849 1276,850 1278,850 1279,849 1281,849 1282,848 1293,848 1294,849 1302,849 1303,850 1316,850 1317,849 1339,849 1340,850 1341,850 1342,851 1352,851 1353,850 1418,849 1419,850 1421,850 1422,851 1432,851 1433,850 1434,850 1435,849 1439,849 1440,850 1440,855 1441,856 1442,856 1443,857 1445,857 1446,858 1453,858 1454,857 1456,857 1457,856 1458,856 1459,855 1460,855 1461,854 1461,850 1462,849 1477,849 1478,848 1490,848 1491,847 1495,847 1496,846 1501,846 1502,845 1509,845 1510,846 1513,846 1514,847 1515,847 1516,848 1519,848 1520,847 1537,847 1538,848 1555,848 1556,849 1556,851 1557,852 1557,853 1558,854 1560,854 1561,853 1564,853 1565,852 1570,852 1571,851 1580,851 1581,852 1585,852 1586,853 1587,853 1588,854 1589,854 1590,855 1591,854 1592,854 1593,853 1594,853 1594,852 1595,851 1595,850 1596,849 1605,849 1606,848 1607,848 1608,847 1622,847 1622,801 1611,801 1610,800 1609,800 1608,799 1598,799 1597,800 1596,800 1595,801 1569,801 1568,800 1568,797 1566,795 1564,795 1563,794 1551,794"/>
                <pc:Baseline points="310,849 1623,837"/>
                <pc:TextEquiv conf="0.968320369720459">
                    <pc:Unicode>atqʒ breuiſſima eſſe debet / grãmatice pꝛecepta in eum ordinẽqui vulgo</pc:Unicode>
                </pc:TextEquiv>
            </pc:TextLine>
            <pc:TextLine id="OCR-D-BIN-DENOISE-DESKEW_0006_region0002_line0010">
                <pc:AlternativeImage filename="OCR-D-SEG-LINE-RESEG-DEWARP/OCR-D-SEG-LINE-RESEG-DEWARP_0006_OCR-D-BIN-DENOISE-DESKEW_0006_region0002_OCR-D-BIN-DENOISE-DESKEW_0006_region0002_line0010.IMG-DEWARP.png" comments="binarized,despeckled,dewarped"/>
                <pc:Coords points="1501,847 1496,847 1495,848 1491,848 1490,849 1488,849 1482,855 1461,855 1460,856 1459,856 1458,857 1457,857 1456,858 1454,858 1453,859 1446,859 1445,858 1443,858 1442,857 1441,857 1440,856 1396,856 1395,855 1394,855 1393,854 1384,854 1383,855 1374,855 1373,854 1363,855 1362,854 1350,854 1349,853 1343,853 1341,851 1340,851 1339,850 1317,850 1316,851 1314,851 1312,853 1298,853 1296,851 1296,850 1294,850 1293,849 1282,849 1281,850 1279,850 1277,852 1277,853 1276,854 1273,854 1272,853 1272,851 1271,850 1270,850 1269,849 1268,849 1267,848 1250,848 1249,849 1246,849 1245,850 1243,850 1243,851 1242,852 1242,854 1240,856 1220,856 1219,857 1198,857 1197,856 1197,852 1196,851 1196,850 1194,850 1193,849 1172,849 1171,850 1168,850 1167,851 1165,851 1164,852 1163,852 1159,856 1144,856 1143,855 1143,853 1142,852 1142,851 1141,851 1140,850 1139,850 1138,849 1110,849 1109,850 1108,850 1107,851 1106,851 1105,852 1104,852 1104,853 1103,854 1103,855 1101,857 1100,857 1099,858 1097,858 1096,859 1088,859 1087,858 1085,858 1084,857 1083,857 1082,856 1079,856 1078,857 1030,857 1029,856 1020,856 1019,857 1017,857 1015,859 1014,859 1013,860 1012,860 1011,861 1002,861 1001,860 999,860 998,859 997,859 996,858 935,858 934,859 933,859 932,858 932,855 930,853 928,853 927,852 916,852 915,853 913,853 913,854 912,855 912,856 911,857 911,858 910,859 909,859 908,860 902,860 901,859 891,859 890,858 890,855 889,854 889,853 888,852 886,852 885,851 875,851 874,852 873,852 869,856 869,858 868,859 861,859 860,858 860,857 859,856 859,855 858,854 858,853 857,853 856,852 852,852 851,851 849,851 848,850 841,850 840,851 839,850 838,851 837,851 833,855 832,855 829,858 828,858 826,860 825,860 824,861 823,861 821,863 812,863 811,862 809,862 808,861 806,861 805,860 795,860 794,859 793,859 792,858 783,858 782,859 781,859 780,860 762,860 761,859 699,859 698,860 664,860 663,861 662,862 661,863 660,863 659,864 655,864 654,865 652,865 651,864 647,864 646,863 640,863 639,864 633,864 632,863 631,863 630,862 605,862 604,863 590,863 588,861 587,861 586,860 577,860 576,861 575,861 573,863 532,863 531,864 527,864 526,865 524,865 523,864 519,864 518,863 517,863 516,864 512,864 511,865 510,865 509,864 505,864 504,863 425,863 424,862 424,860 423,859 423,858 421,858 420,857 419,857 418,856 403,856 402,857 400,857 397,860 395,860 394,861 393,861 390,864 389,864 388,865 378,865 377,864 375,864 374,863 373,864 357,864 356,865 339,865 338,866 311,866 311,916 315,916 316,917 316,919 317,920 317,921 318,922 320,922 321,923 325,923 328,920 329,920 330,919 332,919 333,918 334,918 335,917 335,916 338,913 347,913 348,912 366,912 367,911 375,911 376,910 378,910 379,909 381,909 382,908 388,908 389,909 391,909 394,912 395,912 397,914 400,914 401,915 404,915 405,916 406,916 407,915 407,914 408,913 408,912 409,911 415,911 416,912 416,914 417,915 417,916 418,916 419,917 421,917 422,918 426,918 427,919 434,919 435,918 435,917 438,914 440,914 441,913 443,913 444,912 446,912 447,911 449,911 452,908 462,908 463,909 464,909 465,910 474,910 475,909 515,909 516,908 620,908 621,907 623,907 624,906 645,906 646,907 647,907 648,908 649,908 650,907 653,907 654,906 670,905 671,906 700,906 701,905 748,905 749,906 750,906 751,907 759,907 760,906 761,906 762,905 789,905 790,906 801,906 802,907 811,907 812,906 815,906 816,907 816,908 817,909 817,910 819,910 820,911 824,911 825,912 828,912 829,911 832,911 833,910 834,910 835,909 836,909 837,908 837,906 838,905 850,905 851,904 852,904 853,903 869,903 870,904 872,904 873,905 874,904 890,904 891,903 892,903 893,902 914,902 915,903 916,903 917,904 918,904 919,905 924,905 925,904 926,904 927,903 936,903 937,904 947,904 948,903 950,903 951,904 959,904 960,903 1060,903 1061,902 1063,902 1064,903 1090,903 1091,904 1095,904 1096,905 1096,908 1097,908 1098,909 1099,909 1100,910 1104,910 1105,911 1112,911 1113,910 1114,910 1115,909 1116,909 1117,908 1117,906 1119,904 1130,904 1131,905 1132,905 1133,906 1141,906 1142,905 1143,905 1144,904 1181,904 1183,906 1183,907 1184,908 1185,908 1186,909 1187,909 1188,910 1192,910 1193,911 1194,911 1195,910 1199,910 1200,909 1201,909 1202,908 1203,908 1204,907 1204,905 1205,904 1219,904 1220,903 1221,903 1222,902 1233,902 1234,903 1235,903 1236,904 1236,906 1237,907 1237,908 1238,909 1239,909 1240,910 1250,910 1251,909 1252,909 1253,908 1254,908 1255,907 1255,906 1256,905 1256,904 1257,903 1266,903 1267,904 1278,904 1279,905 1288,905 1289,904 1290,904 1291,903 1303,903 1304,904 1305,904 1307,906 1318,906 1319,907 1330,907 1331,906 1350,906 1353,903 1354,903 1355,902 1369,901 1370,900 1381,900 1382,901 1384,901 1385,902 1398,902 1399,901 1427,901 1428,900 1438,900 1439,901 1463,901 1464,902 1478,902 1479,903 1479,904 1480,905 1480,906 1482,908 1484,908 1485,909 1489,909 1490,910 1491,909 1495,909 1496,908 1498,908 1499,907 1499,906 1500,905 1500,903 1501,902 1506,902 1507,903 1507,904 1508,905 1508,907 1509,908 1510,908 1511,909 1512,909 1513,910 1522,910 1523,909 1525,909 1526,908 1527,908 1528,907 1528,905 1529,904 1529,903 1530,902 1549,902 1550,903 1553,903 1554,904 1554,905 1555,906 1555,907 1558,907 1559,908 1570,908 1571,907 1573,907 1573,906 1575,904 1580,904 1581,905 1581,906 1582,907 1583,907 1584,908 1585,908 1586,909 1593,909 1594,908 1599,908 1600,907 1601,907 1602,906 1608,906 1609,905 1623,905 1623,877 1622,854 1612,854 1611,853 1598,853 1597,854 1593,854 1592,855 1591,855 1590,856 1589,855 1588,855 1587,854 1586,854 1585,853 1581,853 1580,852 1571,852 1570,853 1565,853 1564,854 1561,854 1560,855 1518,855 1517,854 1517,849 1516,849 1515,848 1514,848 1513,847 1510,847 1509,846 1502,846"/>
                <pc:Baseline points="310,903 1018,892 1623,893"/>
                <pc:TextEquiv conf="0.93518990278244">
                    <pc:Unicode>per figuras vocatur/ ⁊a noſtris inuentus eſt cõpoſui. uo vnuſqtiſqʒ</pc:Unicode>
                </pc:TextEquiv>
            </pc:TextLine>
            <pc:TextLine id="OCR-D-BIN-DENOISE-DESKEW_0006_region0002_line0011">
                <pc:AlternativeImage filename="OCR-D-SEG-LINE-RESEG-DEWARP/OCR-D-SEG-LINE-RESEG-DEWARP_0006_OCR-D-BIN-DENOISE-DESKEW_0006_region0002_OCR-D-BIN-DENOISE-DESKEW_0006_region0002_line0011.IMG-DEWARP.png" comments="binarized,despeckled,dewarped"/>
                <pc:Coords points="1369,902 1355,903 1354,904 1353,904 1350,907 1349,907 1349,908 1348,909 1308,909 1307,908 1307,907 1305,905 1304,905 1303,904 1291,904 1290,905 1289,905 1288,906 1287,906 1286,907 1286,908 1285,909 1282,906 1279,906 1278,905 1272,905 1271,906 1270,906 1267,909 1253,909 1252,910 1251,910 1250,911 1240,911 1239,910 1238,910 1236,908 1236,907 1235,906 1235,904 1234,904 1233,903 1222,903 1221,904 1220,904 1219,905 1217,905 1217,906 1216,907 1216,908 1215,909 1202,909 1201,910 1200,910 1199,911 1195,911 1194,912 1193,912 1192,911 1188,911 1187,910 1186,910 1185,909 1179,909 1178,910 1149,910 1148,909 1139,909 1138,910 1115,910 1114,911 1113,911 1112,912 1105,912 1104,911 1100,911 1099,910 1098,910 1097,909 1085,909 1084,908 1083,908 1082,907 1072,907 1071,908 1070,908 1069,909 1019,909 1018,910 972,910 971,911 949,911 948,910 935,910 934,909 922,909 921,908 921,907 920,906 919,906 918,905 917,905 916,904 915,904 914,903 893,903 892,904 891,904 890,905 889,905 888,906 888,907 887,908 874,908 873,907 873,906 872,905 870,905 869,904 853,904 852,905 851,905 850,906 849,906 848,907 848,908 846,910 842,910 841,911 840,911 839,910 835,910 834,911 833,911 832,912 829,912 828,913 825,913 824,912 820,912 819,911 811,911 810,912 698,912 697,911 687,911 686,910 677,910 676,909 675,909 673,907 671,907 670,906 654,907 653,908 650,908 649,909 648,909 647,908 646,908 645,907 624,907 623,908 621,908 620,909 618,909 618,910 617,911 607,911 606,912 597,912 596,913 578,913 577,914 551,914 550,915 468,915 467,914 467,912 466,911 465,911 464,910 463,910 462,909 452,909 449,912 447,912 446,913 444,913 443,914 441,914 440,915 438,915 436,917 436,918 434,920 427,920 426,919 422,919 421,918 419,918 418,917 417,918 406,918 404,916 401,916 400,915 397,915 395,913 394,913 391,910 389,910 388,909 382,909 381,910 379,910 378,911 376,911 375,912 374,912 371,915 371,916 370,917 370,918 369,919 366,919 365,918 365,917 364,916 364,915 362,913 348,913 347,914 338,914 336,916 336,917 334,919 333,919 332,920 330,920 329,921 328,921 325,924 321,924 320,923 313,923 312,924 311,924 311,969 333,969 334,970 335,970 336,971 337,971 338,972 344,972 345,973 348,973 349,972 353,972 354,971 355,971 356,970 359,970 361,968 367,968 368,969 368,970 370,970 371,971 376,971 377,972 382,972 383,971 384,971 385,970 387,970 387,969 389,967 393,967 394,966 399,966 400,965 401,965 402,964 403,964 404,963 417,963 418,964 442,964 443,963 452,963 453,962 455,962 456,961 478,961 479,962 506,962 507,961 530,961 531,960 557,960 558,959 572,959 573,960 589,960 590,961 612,961 613,962 628,962 629,963 636,963 637,964 637,965 638,966 639,966 640,967 641,967 642,968 646,968 647,969 649,969 650,968 654,968 655,967 656,967 657,966 658,966 658,964 659,963 663,962 665,964 665,965 666,966 667,966 668,967 670,967 671,968 679,968 680,967 682,967 683,966 684,966 686,964 691,964 692,963 693,963 694,962 695,962 696,961 702,961 703,960 704,960 705,959 706,959 707,958 709,958 710,957 715,957 716,956 725,956 726,955 733,955 734,956 736,956 737,955 741,955 742,956 743,956 744,957 762,957 763,956 767,960 769,960 771,962 785,962 786,961 791,961 792,960 794,960 795,959 796,959 800,955 826,955 827,956 915,956 916,957 918,957 919,958 920,958 921,957 923,957 924,956 925,956 926,955 929,955 930,954 947,954 948,955 949,955 950,956 961,956 962,957 963,957 964,958 972,958 973,957 974,957 975,956 1005,956 1006,957 1014,957 1015,956 1055,956 1056,955 1092,955 1093,956 1102,956 1103,955 1112,955 1113,954 1114,954 1115,953 1127,953 1128,954 1150,954 1151,955 1161,955 1162,954 1163,954 1164,953 1165,953 1166,952 1175,952 1176,953 1179,953 1180,954 1217,954 1218,955 1227,955 1228,954 1256,954 1257,955 1257,956 1259,958 1260,958 1261,959 1270,959 1271,958 1272,958 1276,954 1293,954 1294,953 1296,953 1297,952 1308,952 1309,953 1310,953 1311,954 1312,954 1313,955 1327,955 1328,956 1336,956 1337,955 1346,955 1347,956 1385,955 1386,956 1390,956 1391,957 1393,957 1394,958 1395,958 1396,959 1397,959 1398,960 1399,960 1403,964 1409,964 1410,963 1416,963 1417,962 1418,962 1419,961 1420,961 1422,959 1422,958 1423,957 1423,956 1424,955 1448,955 1449,954 1504,954 1505,953 1514,953 1515,952 1526,952 1527,953 1544,953 1545,952 1547,952 1548,951 1558,951 1559,952 1578,952 1579,951 1595,951 1596,952 1597,952 1598,953 1606,953 1607,952 1608,952 1610,950 1623,950 1623,907 1622,907 1621,906 1611,906 1610,907 1609,907 1608,908 1600,908 1599,909 1594,909 1593,910 1586,910 1585,909 1584,909 1583,908 1571,908 1570,909 1559,909 1558,908 1528,908 1527,909 1526,909 1525,910 1523,910 1522,911 1513,911 1512,910 1511,910 1510,909 1509,909 1508,908 1506,908 1505,909 1496,909 1495,910 1491,910 1490,911 1489,910 1485,910 1484,909 1473,909 1472,908 1412,908 1411,907 1387,907 1386,906 1386,903 1385,903 1384,902 1382,902 1381,901 1370,901"/>
                <pc:Baseline points="310,958 780,945 1623,940"/>
                <pc:TextEquiv conf="0.962689220905304">
                    <pc:Unicode>qᷓ faalime / et abſqz magno laboꝛe / cuncta inuenire / intelligere / ac me⸗</pc:Unicode>
                </pc:TextEquiv>
            </pc:TextLine>
            <pc:TextLine id="OCR-D-BIN-DENOISE-DESKEW_0006_region0002_line0012">
                <pc:AlternativeImage filename="OCR-D-SEG-LINE-RESEG-DEWARP/OCR-D-SEG-LINE-RESEG-DEWARP_0006_OCR-D-BIN-DENOISE-DESKEW_0006_region0002_OCR-D-BIN-DENOISE-DESKEW_0006_region0002_line0012.IMG-DEWARP.png" comments="binarized,despeckled,dewarped"/>
                <pc:Coords points="1165,954 1164,954 1163,955 1162,955 1161,956 1160,956 1160,957 1159,958 1159,960 1158,961 1133,961 1132,960 1132,957 1131,956 1131,955 1128,955 1127,954 1115,954 1114,955 1113,955 1112,956 1110,956 1109,957 1109,958 1108,959 1108,960 1107,961 1089,961 1088,962 998,962 997,963 969,963 968,962 955,962 953,960 953,959 951,957 950,957 949,956 948,956 947,955 930,955 929,956 926,956 925,957 924,957 923,958 921,958 920,959 919,959 918,960 918,961 917,962 866,962 865,961 860,961 859,960 856,960 855,959 852,959 851,958 848,958 847,957 827,957 826,956 800,956 796,960 795,960 794,961 792,961 791,962 786,962 785,963 771,963 769,961 767,961 763,957 762,958 744,958 743,957 742,957 741,956 737,956 736,957 734,957 733,956 726,956 725,957 716,957 715,958 710,958 709,959 707,959 706,960 705,960 704,961 703,961 702,962 700,962 697,965 686,965 684,967 683,967 682,968 680,968 679,969 671,969 670,968 668,968 667,967 666,967 665,966 657,967 656,968 655,968 654,969 650,969 649,970 647,970 646,969 642,969 641,968 640,968 639,967 628,967 627,966 598,966 597,965 577,965 576,964 576,963 575,962 575,961 573,961 572,960 558,960 557,961 555,961 551,965 540,965 539,966 518,966 517,967 498,967 497,968 484,968 483,967 483,965 482,964 482,963 479,963 478,962 456,962 455,963 453,963 452,964 449,964 446,967 446,968 445,969 440,969 439,970 421,970 420,969 420,966 419,965 418,965 417,964 404,964 403,965 402,965 401,966 400,966 399,967 399,970 398,971 385,971 384,972 383,972 382,973 377,973 376,972 371,972 370,971 356,971 355,972 354,972 353,973 349,973 348,974 345,974 344,973 338,973 337,972 336,972 335,971 334,971 333,970 323,970 322,971 311,971 311,1015 321,1015 322,1016 331,1016 332,1015 336,1015 337,1016 345,1016 346,1015 347,1015 348,1016 349,1016 350,1017 356,1017 357,1016 358,1016 359,1015 360,1015 361,1014 367,1014 368,1015 369,1015 370,1016 374,1016 375,1015 377,1015 378,1014 380,1014 381,1013 406,1013 407,1014 410,1014 411,1015 455,1015 456,1016 465,1016 466,1015 467,1015 468,1014 483,1014 484,1013 493,1013 494,1012 504,1012 505,1011 509,1011 510,1010 520,1010 521,1011 532,1011 533,1012 534,1011 544,1011 545,1012 547,1012 548,1013 550,1013 551,1012 553,1012 554,1013 573,1013 574,1014 575,1013 577,1013 578,1012 582,1012 583,1011 593,1011 594,1012 595,1012 596,1013 642,1013 643,1014 645,1014 646,1015 648,1015 649,1016 651,1016 652,1017 655,1017 656,1016 658,1016 659,1015 660,1015 662,1013 663,1012 664,1011 667,1011 668,1012 694,1012 695,1013 695,1015 696,1016 696,1017 698,1017 699,1018 701,1018 702,1019 712,1019 713,1018 715,1018 716,1019 722,1019 723,1018 727,1018 728,1017 729,1017 730,1016 731,1016 731,1015 732,1014 732,1013 733,1012 763,1012 764,1011 785,1011 786,1010 788,1010 789,1009 802,1009 803,1010 813,1010 814,1011 823,1011 824,1010 825,1010 826,1009 853,1009 854,1010 910,1010 911,1009 944,1009 945,1010 946,1010 947,1011 956,1011 957,1010 958,1010 960,1008 963,1008 964,1007 966,1007 967,1006 978,1006 979,1007 987,1007 988,1008 989,1008 990,1007 996,1007 997,1008 1021,1008 1022,1007 1032,1007 1033,1008 1104,1008 1105,1007 1106,1007 1107,1006 1118,1006 1119,1007 1121,1007 1122,1008 1183,1008 1184,1007 1185,1007 1186,1006 1203,1006 1204,1007 1209,1007 1215,1001 1216,1001 1217,1000 1226,1000 1228,1002 1233,1002 1234,1001 1240,1001 1246,1007 1267,1007 1268,1008 1314,1008 1315,1009 1324,1009 1325,1008 1342,1008 1343,1009 1343,1013 1345,1015 1347,1015 1348,1016 1352,1016 1353,1017 1355,1017 1356,1016 1360,1016 1361,1015 1362,1015 1365,1012 1365,1011 1366,1009 1366,1008 1367,1007 1370,1007 1371,1006 1376,1006 1377,1005 1378,1005 1379,1004 1396,1004 1397,1005 1401,1005 1402,1006 1471,1006 1472,1005 1481,1005 1482,1006 1549,1006 1550,1005 1552,1005 1553,1006 1560,1006 1561,1005 1562,1005 1563,1004 1564,1004 1565,1003 1573,1003 1574,1004 1575,1004 1576,1005 1577,1005 1578,1006 1589,1006 1590,1005 1595,1005 1596,1004 1616,1004 1617,1003 1623,1003 1623,960 1621,960 1620,959 1602,959 1601,958 1591,958 1590,957 1573,957 1572,956 1563,956 1562,955 1562,954 1561,953 1559,953 1558,952 1548,952 1547,953 1545,953 1542,956 1531,956 1529,954 1527,954 1526,953 1515,953 1514,954 1512,954 1509,957 1495,957 1494,958 1482,958 1481,959 1465,959 1464,960 1439,960 1438,961 1421,961 1420,962 1419,962 1418,963 1417,963 1416,964 1410,964 1409,965 1403,965 1399,961 1398,961 1397,960 1396,960 1395,959 1394,959 1393,958 1391,958 1390,957 1385,957 1384,958 1384,959 1382,961 1333,962 1332,961 1327,961 1326,960 1317,960 1316,961 1315,960 1315,958 1314,957 1314,956 1313,956 1312,955 1311,955 1310,954 1309,954 1308,953 1297,953 1296,954 1294,954 1293,955 1291,955 1290,956 1290,957 1289,958 1289,960 1288,961 1184,961 1183,960 1183,957 1182,956 1182,955 1180,955 1179,954 1176,954 1175,953 1166,953"/>
                <pc:Baseline points="310,1004 1623,994"/>
                <pc:TextEquiv conf="0.949742496013641">
                    <pc:Unicode>morie cõmendare poſſit. Nec erubi vernacula lintua loqni/ cumid do⸗</pc:Unicode>
                </pc:TextEquiv>
            </pc:TextLine>
            <pc:TextLine id="OCR-D-BIN-DENOISE-DESKEW_0006_region0002_line0013">
                <pc:AlternativeImage filename="OCR-D-SEG-LINE-RESEG-DEWARP/OCR-D-SEG-LINE-RESEG-DEWARP_0006_OCR-D-BIN-DENOISE-DESKEW_0006_region0002_OCR-D-BIN-DENOISE-DESKEW_0006_region0002_line0013.IMG-DEWARP.png" comments="binarized,despeckled,dewarped"/>
                <pc:Coords points="1216,1002 1215,1002 1209,1008 1209,1010 1208,1011 1207,1010 1207,1009 1206,1008 1204,1008 1203,1007 1186,1007 1185,1008 1184,1008 1183,1009 1182,1009 1182,1010 1180,1012 1173,1012 1172,1013 1147,1013 1146,1014 1126,1014 1125,1013 1125,1011 1124,1010 1124,1009 1122,1009 1121,1008 1119,1008 1118,1007 1107,1007 1106,1008 1105,1008 1104,1009 1102,1009 1101,1010 1101,1011 1100,1012 1100,1013 1099,1014 1097,1014 1096,1015 1065,1015 1064,1016 1044,1016 1043,1015 1038,1015 1037,1014 1037,1012 1036,1011 1036,1010 1035,1009 1033,1009 1032,1008 1022,1008 1021,1009 1019,1009 1017,1011 1017,1012 1016,1013 1016,1014 1015,1015 991,1015 990,1014 990,1011 989,1010 989,1009 988,1009 987,1008 979,1008 978,1007 967,1007 966,1008 964,1008 963,1009 961,1009 959,1011 959,1012 956,1015 950,1015 949,1014 939,1014 938,1015 926,1015 925,1016 841,1016 840,1015 807,1015 806,1014 806,1013 805,1012 805,1011 803,1011 802,1010 789,1010 788,1011 786,1011 784,1013 784,1014 783,1015 759,1015 758,1016 740,1016 739,1017 730,1017 729,1018 728,1018 727,1019 723,1019 722,1020 716,1020 715,1019 713,1019 712,1020 702,1020 701,1019 699,1019 698,1018 672,1018 671,1017 671,1015 670,1014 670,1013 668,1013 667,1012 664,1012 663,1013 662,1014 660,1016 659,1016 658,1017 656,1017 655,1018 652,1018 651,1017 649,1017 648,1016 646,1016 645,1015 643,1015 642,1014 641,1014 640,1015 640,1016 639,1017 639,1018 638,1019 614,1019 613,1018 600,1018 599,1017 599,1016 598,1015 598,1014 596,1014 595,1013 594,1013 593,1012 583,1012 582,1013 578,1013 577,1014 575,1014 573,1016 572,1015 566,1015 565,1014 554,1014 553,1013 551,1013 550,1014 548,1014 547,1013 545,1013 544,1012 534,1012 533,1013 532,1012 521,1012 520,1011 510,1011 509,1012 505,1012 504,1013 494,1013 493,1014 484,1014 483,1015 480,1015 479,1016 477,1016 476,1017 475,1017 474,1018 472,1018 471,1019 469,1019 468,1020 456,1020 455,1021 436,1021 435,1020 429,1020 428,1019 424,1019 423,1018 417,1018 416,1017 413,1017 412,1016 411,1016 410,1015 407,1015 406,1014 381,1014 380,1015 378,1015 377,1016 375,1016 374,1017 370,1017 369,1016 368,1016 367,1015 361,1015 360,1016 359,1016 358,1017 357,1017 356,1018 355,1018 354,1019 347,1019 346,1020 339,1020 338,1021 328,1021 327,1022 315,1022 314,1023 311,1023 311,1070 361,1070 362,1071 362,1072 365,1072 366,1073 376,1073 377,1074 380,1074 382,1076 383,1076 384,1077 390,1077 391,1076 392,1076 395,1073 395,1072 397,1070 397,1069 398,1068 406,1068 407,1069 424,1069 425,1068 444,1068 445,1067 454,1067 455,1068 473,1068 474,1069 477,1069 478,1070 480,1070 481,1071 483,1071 484,1072 487,1072 488,1073 489,1072 490,1072 491,1071 492,1071 493,1070 494,1070 495,1069 504,1069 508,1073 508,1074 509,1075 511,1075 512,1076 523,1076 524,1075 528,1075 531,1072 531,1071 533,1069 535,1069 536,1068 542,1068 543,1069 544,1069 545,1070 546,1070 547,1071 548,1071 549,1072 550,1071 552,1071 553,1070 555,1070 556,1069 558,1069 559,1068 564,1068 565,1067 576,1067 577,1066 605,1066 606,1065 633,1065 634,1066 634,1070 635,1071 636,1071 637,1072 639,1072 640,1073 647,1073 648,1072 650,1072 651,1071 652,1071 653,1070 654,1070 655,1069 655,1066 656,1065 664,1064 665,1063 678,1063 679,1064 726,1064 727,1063 748,1063 749,1062 758,1062 759,1063 761,1063 762,1062 764,1062 765,1061 769,1061 770,1060 786,1060 787,1061 794,1061 795,1062 838,1062 839,1063 840,1063 841,1064 850,1064 851,1063 852,1063 853,1062 876,1062 877,1061 880,1061 881,1062 886,1062 887,1061 889,1061 890,1060 898,1060 899,1061 917,1061 918,1062 924,1062 925,1061 940,1061 941,1062 954,1062 956,1064 956,1065 957,1066 957,1067 958,1068 958,1069 959,1070 962,1070 963,1071 965,1071 966,1070 971,1070 972,1069 973,1069 974,1068 975,1068 976,1067 976,1065 977,1064 981,1064 982,1065 982,1067 983,1068 984,1068 985,1069 986,1069 987,1070 989,1070 990,1071 998,1071 999,1070 1002,1070 1003,1069 1004,1069 1005,1068 1006,1068 1006,1065 1007,1064 1018,1064 1019,1063 1036,1063 1037,1062 1054,1062 1055,1061 1056,1061 1057,1060 1058,1060 1059,1059 1072,1059 1073,1060 1074,1060 1075,1061 1110,1061 1111,1062 1139,1062 1140,1063 1140,1064 1141,1065 1141,1066 1142,1066 1143,1067 1144,1067 1145,1068 1156,1068 1157,1067 1158,1067 1159,1066 1160,1066 1161,1065 1161,1063 1162,1062 1165,1062 1166,1061 1196,1061 1197,1060 1201,1060 1202,1059 1222,1059 1223,1060 1230,1060 1231,1059 1232,1059 1233,1060 1234,1060 1235,1061 1236,1061 1237,1062 1245,1062 1246,1061 1247,1061 1248,1060 1283,1060 1284,1061 1285,1061 1286,1062 1296,1062 1297,1061 1298,1061 1299,1060 1311,1060 1312,1059 1318,1059 1320,1061 1323,1061 1324,1060 1326,1060 1327,1059 1329,1059 1330,1058 1347,1058 1348,1059 1354,1059 1355,1058 1372,1057 1373,1058 1376,1058 1377,1059 1378,1059 1379,1060 1387,1060 1388,1059 1402,1059 1403,1060 1404,1060 1405,1061 1414,1061 1415,1060 1416,1060 1417,1059 1420,1059 1421,1058 1422,1058 1423,1057 1431,1057 1432,1058 1433,1058 1434,1059 1480,1059 1481,1058 1488,1058 1489,1057 1494,1057 1495,1056 1504,1056 1505,1057 1510,1057 1511,1058 1512,1058 1513,1059 1514,1059 1515,1060 1524,1060 1525,1059 1526,1059 1527,1058 1574,1058 1575,1057 1591,1057 1592,1058 1594,1058 1595,1059 1604,1059 1605,1058 1612,1058 1613,1057 1623,1057 1623,1013 1611,1013 1609,1011 1608,1011 1607,1010 1596,1010 1595,1011 1594,1011 1592,1013 1583,1013 1582,1012 1580,1012 1579,1011 1579,1008 1577,1006 1576,1006 1575,1005 1574,1005 1573,1004 1565,1004 1564,1005 1563,1005 1562,1006 1561,1006 1560,1007 1559,1007 1559,1008 1558,1009 1558,1010 1556,1012 1527,1012 1526,1011 1517,1011 1516,1012 1509,1012 1508,1011 1507,1011 1506,1010 1498,1010 1497,1011 1496,1011 1495,1012 1465,1012 1464,1013 1450,1013 1449,1012 1440,1012 1439,1013 1428,1013 1427,1012 1407,1012 1405,1010 1405,1009 1404,1008 1404,1007 1402,1007 1401,1006 1397,1006 1396,1005 1379,1005 1378,1006 1377,1006 1376,1007 1374,1007 1369,1012 1366,1012 1365,1014 1364,1014 1362,1016 1361,1016 1360,1017 1356,1017 1355,1018 1353,1018 1352,1017 1348,1017 1347,1016 1345,1016 1344,1015 1302,1015 1301,1014 1300,1014 1299,1013 1289,1013 1288,1014 1287,1014 1286,1015 1278,1015 1277,1014 1269,1014 1268,1015 1265,1015 1264,1014 1246,1014 1245,1013 1245,1012 1246,1011 1246,1008 1240,1002 1234,1002 1233,1003 1228,1003 1226,1001 1217,1001"/>
                <pc:Baseline points="310,1059 1623,1047"/>
                <pc:TextEquiv conf="0.978428840637207">
                    <pc:Unicode>ctiſſimos Jtales facere videam / et ſepius aliquid vno verbo tentonico</pc:Unicode>
                </pc:TextEquiv>
            </pc:TextLine>
            <pc:TextLine id="OCR-D-BIN-DENOISE-DESKEW_0006_region0002_line0014">
                <pc:AlternativeImage filename="OCR-D-SEG-LINE-RESEG-DEWARP/OCR-D-SEG-LINE-RESEG-DEWARP_0006_OCR-D-BIN-DENOISE-DESKEW_0006_region0002_OCR-D-BIN-DENOISE-DESKEW_0006_region0002_line0014.IMG-DEWARP.png" comments="binarized,despeckled,dewarped"/>
                <pc:Coords points="1494,1058 1489,1058 1488,1059 1486,1059 1480,1065 1456,1065 1455,1066 1438,1066 1437,1065 1437,1062 1436,1061 1436,1060 1434,1060 1433,1059 1432,1059 1431,1058 1423,1058 1422,1059 1421,1059 1420,1060 1418,1060 1418,1061 1415,1064 1415,1065 1414,1066 1411,1066 1410,1065 1394,1065 1393,1064 1383,1064 1382,1063 1378,1063 1376,1061 1376,1060 1375,1059 1373,1059 1372,1058 1355,1059 1354,1060 1348,1060 1347,1059 1330,1059 1329,1060 1327,1060 1326,1061 1324,1061 1323,1062 1321,1062 1319,1064 1314,1064 1313,1065 1304,1065 1303,1066 1286,1066 1285,1067 1281,1067 1280,1066 1247,1066 1246,1065 1228,1065 1226,1063 1226,1062 1225,1061 1223,1061 1222,1060 1202,1060 1201,1061 1199,1061 1198,1062 1198,1063 1196,1065 1187,1065 1186,1066 1169,1066 1168,1067 1159,1067 1158,1068 1157,1068 1156,1069 1145,1069 1144,1068 1143,1068 1142,1067 1108,1067 1107,1066 1099,1066 1098,1067 1078,1067 1077,1066 1077,1063 1076,1062 1075,1062 1074,1061 1073,1061 1072,1060 1059,1060 1058,1061 1057,1061 1056,1062 1055,1062 1054,1063 1054,1064 1053,1065 1053,1066 1052,1067 1044,1067 1043,1068 1027,1068 1026,1067 1018,1067 1017,1068 1016,1068 1015,1069 1005,1069 1004,1070 1003,1070 1002,1071 999,1071 998,1072 990,1072 989,1071 987,1071 986,1070 985,1070 984,1069 974,1069 973,1070 972,1070 971,1071 966,1071 965,1072 963,1072 962,1071 959,1071 957,1069 957,1068 956,1067 956,1066 955,1065 955,1064 954,1063 941,1063 940,1062 925,1062 924,1063 922,1063 922,1064 921,1065 921,1066 919,1068 904,1068 903,1067 903,1065 902,1064 902,1063 901,1062 899,1062 898,1061 890,1061 889,1062 887,1062 886,1063 885,1063 882,1066 882,1067 881,1068 876,1068 875,1069 845,1069 844,1068 843,1068 842,1067 834,1067 833,1068 832,1068 831,1069 794,1069 793,1068 793,1067 792,1066 792,1065 789,1062 787,1062 786,1061 770,1061 769,1062 765,1062 764,1063 762,1063 761,1064 760,1064 760,1065 759,1066 759,1067 757,1069 740,1069 739,1070 683,1070 682,1069 682,1067 681,1066 681,1065 679,1065 678,1064 665,1064 664,1065 661,1066 659,1068 659,1069 657,1071 653,1071 652,1072 651,1072 650,1073 648,1073 647,1074 640,1074 639,1073 637,1073 636,1072 635,1072 634,1071 627,1071 626,1072 572,1072 570,1070 569,1070 568,1069 559,1069 558,1070 557,1070 554,1073 549,1073 548,1072 547,1072 546,1071 545,1071 544,1070 543,1070 542,1069 536,1069 535,1070 533,1070 532,1071 532,1072 528,1076 524,1076 523,1077 512,1077 511,1076 509,1076 507,1074 507,1073 504,1070 495,1070 494,1071 493,1071 492,1072 491,1072 490,1073 489,1073 487,1075 442,1075 441,1076 430,1076 429,1075 413,1075 412,1074 412,1073 411,1072 411,1071 410,1070 407,1070 406,1069 398,1069 398,1070 396,1072 396,1073 392,1077 391,1077 390,1078 384,1078 383,1077 382,1077 380,1075 377,1075 376,1074 366,1074 365,1073 361,1073 359,1075 311,1075 311,1119 319,1119 320,1120 326,1120 327,1121 337,1121 338,1120 347,1120 348,1121 362,1121 363,1120 371,1120 372,1121 383,1121 384,1120 392,1120 393,1121 395,1121 396,1120 398,1120 399,1119 410,1119 411,1120 435,1120 436,1121 440,1121 441,1120 442,1120 443,1119 457,1119 458,1120 459,1120 460,1121 461,1120 462,1120 463,1119 484,1119 485,1120 486,1120 487,1121 489,1121 490,1120 492,1120 493,1119 498,1119 500,1121 500,1122 505,1127 511,1127 512,1126 513,1126 514,1125 515,1125 517,1123 517,1122 519,1120 527,1120 528,1119 529,1119 530,1118 534,1118 535,1117 546,1117 547,1118 548,1118 549,1119 553,1119 554,1118 567,1118 568,1119 569,1119 570,1120 579,1120 580,1119 581,1119 582,1118 597,1118 598,1119 598,1124 599,1125 600,1125 601,1126 602,1126 603,1127 607,1127 608,1128 611,1128 612,1127 616,1127 617,1126 618,1126 619,1125 619,1124 620,1123 620,1119 621,1118 643,1118 644,1119 645,1119 646,1120 654,1120 655,1119 656,1119 657,1118 681,1117 682,1116 711,1116 712,1117 720,1117 721,1116 726,1116 727,1115 728,1115 729,1114 736,1114 737,1115 739,1115 740,1116 745,1116 746,1115 747,1115 748,1116 749,1116 750,1117 758,1117 759,1116 803,1116 806,1119 807,1119 812,1124 814,1124 815,1125 829,1125 830,1124 835,1124 836,1123 837,1123 838,1122 839,1122 842,1119 842,1118 844,1116 853,1116 854,1115 860,1115 861,1114 865,1114 866,1115 867,1114 892,1114 893,1115 899,1115 900,1114 903,1114 904,1115 906,1115 907,1116 917,1116 918,1115 942,1115 943,1114 953,1114 954,1115 969,1115 970,1116 970,1118 971,1119 971,1120 972,1121 974,1121 975,1122 976,1122 977,1123 980,1123 981,1124 997,1124 998,1123 999,1123 1000,1122 1002,1122 1003,1121 1004,1121 1005,1120 1007,1120 1008,1119 1008,1118 1009,1117 1009,1116 1010,1115 1020,1115 1021,1114 1024,1114 1025,1113 1045,1113 1046,1114 1052,1114 1053,1113 1055,1113 1056,1112 1075,1112 1076,1113 1099,1113 1100,1112 1110,1112 1111,1113 1112,1113 1113,1114 1121,1114 1122,1113 1158,1113 1159,1114 1169,1114 1170,1113 1183,1113 1184,1112 1190,1112 1191,1111 1206,1111 1207,1110 1225,1110 1226,1109 1254,1109 1255,1110 1256,1110 1257,1109 1264,1109 1265,1110 1275,1110 1276,1111 1277,1111 1278,1112 1282,1112 1283,1113 1287,1113 1288,1112 1299,1112 1300,1113 1302,1113 1303,1114 1314,1114 1315,1113 1331,1113 1332,1114 1339,1114 1340,1115 1340,1118 1341,1119 1342,1119 1343,1120 1344,1120 1345,1121 1349,1121 1350,1122 1351,1121 1355,1121 1356,1120 1357,1120 1358,1119 1359,1119 1360,1118 1360,1115 1361,1114 1406,1113 1407,1112 1475,1112 1476,1113 1476,1117 1477,1118 1478,1118 1479,1119 1480,1119 1481,1120 1485,1120 1486,1121 1488,1121 1489,1120 1493,1120 1494,1119 1495,1119 1496,1118 1497,1118 1497,1115 1498,1114 1498,1113 1499,1112 1549,1112 1550,1111 1623,1111 1623,1063 1605,1063 1604,1062 1603,1062 1602,1061 1596,1061 1594,1059 1592,1059 1591,1058 1575,1058 1574,1059 1571,1059 1570,1060 1569,1060 1565,1064 1554,1064 1553,1065 1515,1065 1514,1064 1514,1061 1512,1059 1511,1059 1510,1058 1505,1058 1504,1057 1495,1057"/>
                <pc:Baseline points="310,1108 1623,1100"/>
                <pc:TextEquiv conf="0.972918510437012">
                    <pc:Unicode>rdis accipiet/ quod ambages in lingna latima eidem obſcnrius facerẽt.</pc:Unicode>
                </pc:TextEquiv>
            </pc:TextLine>
            <pc:TextLine id="OCR-D-BIN-DENOISE-DESKEW_0006_region0002_line0015">
                <pc:AlternativeImage filename="OCR-D-SEG-LINE-RESEG-DEWARP/OCR-D-SEG-LINE-RESEG-DEWARP_0006_OCR-D-BIN-DENOISE-DESKEW_0006_region0002_OCR-D-BIN-DENOISE-DESKEW_0006_region0002_line0015.IMG-DEWARP.png" comments="binarized,despeckled,dewarped"/>
                <pc:Coords points="1225,1111 1207,1111 1206,1112 1191,1112 1190,1113 1184,1113 1183,1114 1179,1114 1178,1115 1177,1115 1176,1116 1174,1116 1173,1117 1172,1117 1171,1118 1167,1118 1166,1119 1159,1119 1158,1120 1116,1120 1115,1119 1115,1117 1114,1116 1114,1115 1113,1115 1112,1114 1111,1114 1110,1113 1100,1113 1099,1114 1097,1114 1095,1116 1095,1117 1094,1118 1094,1119 1093,1120 1081,1120 1080,1119 1080,1117 1079,1116 1079,1115 1078,1114 1076,1114 1075,1113 1056,1113 1055,1114 1053,1114 1052,1115 1050,1115 1049,1116 1048,1115 1046,1115 1045,1114 1025,1114 1024,1115 1021,1115 1020,1116 1017,1116 1016,1117 1015,1117 1013,1119 1013,1120 1012,1121 1005,1121 1004,1122 1003,1122 1002,1123 1000,1123 999,1124 998,1124 997,1125 981,1125 980,1124 977,1124 976,1123 975,1123 974,1122 959,1122 958,1121 958,1119 957,1118 957,1117 956,1116 954,1116 953,1115 943,1115 942,1116 939,1116 937,1118 937,1119 936,1120 927,1120 926,1121 925,1121 924,1122 897,1122 896,1121 896,1118 895,1117 895,1116 893,1116 892,1115 867,1115 866,1116 865,1115 861,1115 860,1116 854,1116 853,1117 851,1117 851,1118 850,1119 850,1120 849,1121 841,1121 839,1123 838,1123 837,1124 836,1124 835,1125 830,1125 829,1126 815,1126 814,1125 812,1125 807,1120 806,1120 803,1117 800,1117 799,1118 798,1118 794,1122 756,1122 755,1121 754,1121 753,1120 745,1120 744,1121 742,1119 742,1118 741,1117 740,1117 739,1116 737,1116 736,1115 729,1115 728,1116 727,1116 726,1117 725,1117 723,1119 723,1120 721,1122 714,1122 712,1120 712,1119 710,1117 696,1117 691,1122 668,1122 667,1123 639,1124 636,1121 635,1121 634,1120 624,1120 623,1121 622,1121 621,1122 621,1123 620,1124 620,1125 618,1127 617,1127 616,1128 612,1128 611,1129 608,1129 607,1128 603,1128 602,1127 601,1127 600,1126 599,1126 598,1125 581,1125 580,1124 552,1124 551,1123 551,1121 550,1120 549,1120 548,1119 547,1119 546,1118 535,1118 534,1119 530,1119 529,1120 528,1120 527,1121 526,1121 525,1122 525,1123 524,1124 517,1124 515,1126 514,1126 513,1127 512,1127 511,1128 505,1128 499,1122 499,1121 498,1120 493,1120 492,1121 490,1121 489,1122 487,1122 486,1121 485,1121 484,1120 463,1120 462,1121 461,1121 460,1122 459,1121 458,1121 457,1120 443,1120 442,1121 441,1121 440,1122 439,1122 439,1125 438,1126 415,1126 414,1125 414,1123 413,1122 413,1121 411,1121 410,1120 399,1120 398,1121 396,1121 394,1123 394,1124 392,1126 389,1126 388,1125 378,1125 377,1124 366,1124 365,1123 355,1123 354,1122 348,1122 347,1121 342,1121 341,1122 327,1122 326,1121 320,1121 319,1122 311,1122 311,1175 315,1175 316,1176 316,1178 317,1179 318,1179 319,1180 320,1180 321,1181 324,1181 325,1182 328,1182 329,1181 331,1181 332,1180 334,1180 336,1178 337,1178 339,1176 339,1175 341,1173 344,1173 345,1172 359,1172 360,1173 361,1173 362,1174 363,1174 364,1175 372,1175 373,1174 378,1174 379,1173 384,1173 385,1174 423,1174 424,1173 425,1173 426,1172 435,1172 436,1173 437,1173 438,1174 443,1174 444,1173 481,1173 482,1172 483,1172 484,1171 495,1171 496,1172 519,1172 520,1171 528,1171 529,1172 529,1176 530,1177 531,1177 532,1178 533,1178 534,1179 544,1179 545,1178 546,1178 547,1177 550,1177 556,1171 612,1171 613,1170 615,1170 616,1171 617,1171 621,1175 622,1175 623,1176 624,1176 626,1178 630,1178 631,1177 632,1177 633,1176 634,1176 634,1175 635,1174 635,1173 637,1171 677,1170 678,1171 687,1171 688,1170 689,1170 690,1169 716,1169 717,1168 726,1168 727,1169 728,1169 729,1170 733,1170 734,1169 803,1169 804,1170 809,1170 810,1171 811,1171 812,1170 814,1170 818,1166 827,1166 828,1165 837,1165 838,1166 854,1166 855,1167 862,1167 863,1166 864,1166 866,1168 867,1168 868,1169 876,1169 877,1168 878,1168 880,1166 886,1166 887,1165 893,1165 894,1166 899,1166 900,1167 901,1166 932,1166 933,1165 948,1165 949,1166 974,1166 975,1167 984,1167 985,1166 986,1166 987,1165 988,1165 989,1166 990,1166 991,1165 993,1165 994,1164 1003,1164 1004,1165 1005,1164 1016,1164 1017,1163 1026,1163 1027,1162 1032,1162 1033,1163 1034,1163 1035,1162 1040,1162 1041,1163 1043,1163 1045,1165 1045,1171 1046,1172 1046,1173 1047,1173 1048,1174 1058,1174 1059,1173 1060,1173 1061,1172 1062,1172 1063,1171 1063,1167 1064,1166 1129,1166 1130,1165 1133,1165 1134,1164 1145,1164 1146,1165 1248,1165 1249,1166 1259,1166 1260,1165 1286,1165 1287,1164 1289,1164 1290,1163 1296,1163 1297,1162 1308,1162 1309,1163 1314,1163 1315,1164 1318,1164 1319,1165 1325,1165 1326,1166 1326,1169 1327,1170 1327,1171 1328,1171 1329,1172 1330,1172 1331,1173 1336,1173 1337,1174 1342,1174 1343,1173 1345,1173 1346,1172 1346,1171 1347,1170 1347,1169 1348,1168 1348,1167 1349,1166 1363,1166 1364,1165 1395,1164 1396,1163 1400,1163 1401,1162 1420,1162 1421,1163 1429,1163 1430,1164 1434,1164 1438,1168 1439,1168 1440,1169 1441,1169 1442,1170 1445,1170 1446,1171 1450,1171 1451,1170 1452,1170 1453,1169 1455,1169 1456,1168 1457,1168 1458,1167 1458,1165 1459,1164 1521,1164 1522,1163 1525,1163 1526,1164 1534,1164 1535,1163 1536,1163 1537,1162 1547,1162 1548,1163 1562,1163 1563,1162 1565,1162 1566,1161 1567,1161 1568,1160 1581,1160 1582,1161 1583,1161 1584,1162 1596,1162 1597,1161 1601,1161 1602,1162 1610,1162 1611,1161 1618,1161 1619,1160 1623,1160 1623,1116 1571,1116 1570,1117 1546,1117 1545,1118 1516,1118 1515,1119 1496,1119 1495,1120 1494,1120 1493,1121 1489,1121 1488,1122 1486,1122 1485,1121 1481,1121 1480,1120 1479,1120 1478,1119 1454,1119 1453,1120 1407,1120 1406,1119 1396,1119 1395,1120 1384,1120 1383,1119 1358,1120 1357,1121 1356,1121 1355,1122 1351,1122 1350,1123 1349,1122 1345,1122 1344,1121 1343,1121 1342,1120 1341,1120 1340,1119 1312,1119 1311,1118 1302,1118 1301,1117 1298,1117 1297,1116 1295,1116 1294,1115 1293,1115 1292,1114 1290,1114 1289,1113 1288,1113 1287,1114 1283,1114 1282,1113 1278,1113 1277,1112 1276,1112 1275,1111 1265,1111 1264,1110 1257,1110 1256,1111 1255,1111 1254,1110 1226,1110"/>
                <pc:Baseline points="310,1164 1623,1150"/>
                <pc:TextEquiv conf="0.978388667106628">
                    <pc:Unicode>Periculũ in huiuſmodi traditiõe nimirũ fecimus. Nam punceps meus.</pc:Unicode>
                </pc:TextEquiv>
            </pc:TextLine>
            <pc:TextLine id="OCR-D-BIN-DENOISE-DESKEW_0006_region0002_line0016">
                <pc:AlternativeImage filename="OCR-D-SEG-LINE-RESEG-DEWARP/OCR-D-SEG-LINE-RESEG-DEWARP_0006_OCR-D-BIN-DENOISE-DESKEW_0006_region0002_OCR-D-BIN-DENOISE-DESKEW_0006_region0002_line0016.IMG-DEWARP.png" comments="binarized,despeckled,dewarped"/>
                <pc:Coords points="1567,1162 1566,1162 1565,1163 1563,1163 1563,1164 1562,1165 1562,1170 1561,1171 1553,1171 1552,1170 1552,1167 1551,1166 1551,1165 1550,1164 1548,1164 1547,1163 1537,1163 1536,1164 1535,1164 1534,1165 1533,1165 1532,1166 1532,1167 1531,1168 1521,1168 1520,1169 1519,1169 1517,1171 1486,1171 1485,1170 1474,1170 1473,1169 1466,1169 1465,1168 1458,1168 1457,1169 1456,1169 1455,1170 1453,1170 1452,1171 1451,1171 1450,1172 1446,1172 1445,1171 1442,1171 1441,1170 1440,1170 1439,1169 1438,1169 1435,1166 1434,1166 1433,1165 1430,1165 1429,1164 1421,1164 1420,1163 1401,1163 1400,1164 1398,1164 1396,1166 1385,1166 1384,1165 1364,1166 1363,1167 1360,1167 1357,1170 1356,1170 1354,1172 1354,1173 1353,1174 1343,1174 1342,1175 1337,1175 1336,1174 1331,1174 1330,1173 1329,1173 1328,1172 1323,1172 1322,1171 1322,1168 1321,1167 1321,1166 1319,1166 1318,1165 1315,1165 1314,1164 1309,1164 1308,1163 1297,1163 1296,1164 1290,1164 1289,1165 1287,1165 1284,1168 1283,1168 1280,1171 1235,1171 1234,1172 1211,1172 1210,1171 1209,1171 1208,1170 1200,1170 1199,1171 1198,1171 1197,1172 1165,1172 1164,1171 1150,1171 1149,1170 1149,1168 1148,1167 1148,1166 1146,1166 1145,1165 1134,1165 1133,1166 1131,1166 1129,1168 1129,1169 1128,1170 1119,1170 1118,1171 1111,1171 1110,1172 1082,1172 1081,1171 1072,1171 1071,1172 1064,1172 1063,1173 1061,1173 1060,1174 1059,1174 1058,1175 1048,1175 1047,1174 1046,1174 1045,1173 1045,1172 1044,1171 1044,1165 1043,1164 1041,1164 1040,1163 1035,1163 1034,1164 1033,1164 1032,1163 1027,1163 1026,1164 1017,1164 1016,1165 1005,1165 1004,1166 1003,1165 994,1165 993,1166 991,1166 990,1167 989,1167 989,1168 988,1169 988,1170 987,1171 987,1172 986,1173 958,1173 956,1171 956,1170 953,1167 949,1167 948,1166 933,1166 932,1167 926,1167 924,1169 923,1169 921,1171 920,1171 917,1174 909,1174 908,1173 904,1173 902,1171 902,1170 901,1169 901,1168 900,1168 899,1167 894,1167 893,1166 887,1166 886,1167 884,1167 883,1168 883,1169 881,1171 868,1171 867,1170 858,1170 856,1168 855,1168 854,1167 838,1167 837,1166 828,1166 827,1167 818,1167 814,1171 812,1171 811,1172 810,1172 809,1171 803,1171 802,1172 794,1172 793,1173 786,1173 785,1174 775,1174 774,1175 750,1175 749,1176 734,1176 733,1175 733,1174 732,1173 732,1172 731,1171 729,1171 728,1170 727,1170 726,1169 717,1169 716,1170 714,1170 713,1171 713,1172 711,1174 711,1175 710,1176 633,1177 632,1178 631,1178 630,1179 626,1179 624,1177 623,1177 622,1176 621,1176 617,1172 616,1172 615,1171 613,1171 612,1172 610,1172 608,1174 608,1175 607,1176 607,1177 606,1178 583,1178 582,1177 573,1177 572,1178 547,1178 546,1179 545,1179 544,1180 534,1180 533,1179 532,1179 531,1178 501,1178 500,1177 500,1175 499,1174 499,1173 496,1173 495,1172 484,1172 483,1173 482,1173 481,1174 479,1174 479,1175 478,1176 478,1177 476,1179 442,1179 440,1177 440,1176 439,1175 438,1175 437,1174 436,1174 435,1173 426,1173 425,1174 424,1174 423,1175 421,1175 420,1176 420,1177 419,1178 419,1179 418,1180 399,1180 398,1179 386,1179 385,1178 375,1178 374,1179 365,1179 364,1178 364,1176 363,1175 362,1175 361,1174 360,1174 359,1173 345,1173 344,1174 341,1174 340,1175 340,1176 337,1179 336,1179 334,1181 332,1181 331,1182 329,1182 328,1183 325,1183 324,1182 321,1182 320,1181 319,1181 318,1180 317,1180 316,1179 311,1179 311,1226 330,1226 331,1227 440,1227 442,1229 442,1230 443,1231 444,1231 445,1230 448,1230 449,1229 451,1229 452,1228 457,1228 458,1227 462,1227 463,1228 465,1228 466,1229 467,1229 468,1230 469,1230 470,1229 471,1229 474,1226 492,1226 493,1225 509,1225 510,1226 510,1227 511,1228 511,1229 512,1230 512,1231 514,1231 515,1232 516,1232 517,1233 521,1233 522,1234 532,1234 533,1235 534,1235 535,1234 539,1234 540,1233 542,1233 543,1232 544,1232 545,1231 547,1231 547,1230 548,1229 548,1227 549,1226 549,1225 551,1223 572,1223 573,1222 575,1222 576,1221 588,1221 589,1222 591,1222 592,1223 596,1223 597,1222 602,1222 603,1223 606,1223 607,1224 620,1224 621,1225 621,1227 622,1228 622,1229 623,1230 625,1230 626,1231 627,1231 628,1232 635,1232 636,1231 639,1231 640,1230 641,1230 642,1229 643,1229 644,1228 644,1225 645,1224 653,1224 654,1223 664,1222 665,1221 667,1221 668,1220 687,1220 688,1221 692,1221 693,1222 694,1222 695,1221 696,1221 697,1222 707,1222 708,1221 712,1221 713,1222 718,1222 719,1221 722,1221 723,1220 732,1220 733,1221 739,1221 740,1220 743,1220 744,1221 754,1221 755,1220 757,1220 758,1221 806,1221 807,1222 807,1225 808,1226 808,1227 809,1228 811,1228 812,1229 823,1229 824,1228 825,1228 826,1227 827,1227 829,1225 829,1224 830,1223 830,1222 831,1221 852,1221 853,1220 929,1220 930,1221 938,1221 939,1220 940,1220 941,1219 982,1219 983,1220 992,1220 993,1221 993,1222 994,1223 994,1224 996,1226 998,1226 999,1227 1000,1227 1001,1228 1009,1228 1010,1227 1019,1227 1020,1226 1023,1226 1024,1225 1026,1225 1027,1224 1029,1224 1030,1223 1030,1222 1032,1220 1062,1220 1063,1219 1085,1219 1086,1218 1101,1218 1102,1217 1104,1217 1105,1216 1113,1216 1114,1217 1130,1217 1131,1218 1132,1217 1143,1217 1144,1216 1152,1216 1153,1217 1175,1217 1176,1218 1195,1218 1196,1219 1197,1219 1198,1220 1206,1220 1207,1219 1208,1219 1209,1218 1223,1218 1224,1219 1224,1223 1225,1224 1226,1224 1227,1225 1229,1225 1230,1226 1236,1226 1237,1225 1239,1225 1240,1224 1242,1224 1243,1223 1245,1223 1246,1222 1246,1219 1247,1218 1276,1218 1277,1219 1277,1222 1278,1223 1279,1223 1280,1224 1281,1224 1282,1225 1292,1225 1293,1224 1294,1224 1295,1223 1297,1223 1299,1221 1299,1220 1301,1218 1313,1218 1314,1219 1341,1219 1342,1218 1344,1218 1345,1217 1348,1217 1349,1216 1355,1216 1356,1217 1357,1217 1358,1216 1364,1216 1365,1216 1365,1217 1366,1218 1366,1219 1367,1220 1367,1221 1368,1222 1371,1222 1372,1221 1374,1221 1375,1220 1378,1220 1380,1218 1382,1218 1383,1217 1386,1217 1387,1216 1393,1216 1394,1217 1395,1217 1396,1218 1449,1218 1450,1217 1451,1217 1452,1216 1461,1216 1462,1217 1482,1217 1483,1216 1488,1216 1489,1215 1494,1215 1495,1214 1509,1214 1510,1215 1515,1215 1516,1216 1518,1216 1519,1215 1531,1215 1532,1216 1534,1216 1535,1217 1544,1217 1545,1216 1557,1216 1558,1217 1566,1217 1567,1216 1584,1216 1585,1215 1586,1215 1587,1214 1597,1214 1598,1215 1621,1215 1622,1214 1623,1214 1623,1170 1622,1169 1621,1169 1620,1168 1611,1168 1610,1169 1609,1169 1607,1171 1600,1171 1599,1170 1591,1170 1590,1171 1588,1171 1587,1170 1587,1166 1586,1165 1586,1164 1585,1163 1584,1163 1583,1162 1582,1162 1581,1161 1568,1161"/>
                <pc:Baseline points="310,1216 1623,1205"/>
                <pc:TextEquiv conf="0.977471888065338">
                    <pc:Unicode>Ceteriqʒ ingenui pueri mee fidei cõmiſſi continuo poſteaqᷓ; Donati ele⸗</pc:Unicode>
                </pc:TextEquiv>
            </pc:TextLine>
            <pc:TextLine id="OCR-D-BIN-DENOISE-DESKEW_0006_region0002_line0017">
                <pc:AlternativeImage filename="OCR-D-SEG-LINE-RESEG-DEWARP/OCR-D-SEG-LINE-RESEG-DEWARP_0006_OCR-D-BIN-DENOISE-DESKEW_0006_region0002_OCR-D-BIN-DENOISE-DESKEW_0006_region0002_line0017.IMG-DEWARP.png" comments="binarized,despeckled,dewarped"/>
                <pc:Coords points="1494,1216 1489,1216 1488,1217 1486,1217 1486,1218 1483,1221 1473,1221 1472,1222 1467,1222 1465,1220 1465,1219 1464,1218 1462,1218 1461,1217 1452,1217 1451,1218 1450,1218 1449,1219 1447,1219 1445,1221 1445,1222 1444,1223 1442,1223 1441,1224 1400,1224 1399,1223 1399,1222 1398,1221 1398,1220 1397,1219 1396,1219 1395,1218 1394,1218 1393,1217 1387,1217 1386,1218 1383,1218 1382,1219 1380,1219 1378,1221 1375,1221 1374,1222 1372,1222 1371,1223 1368,1223 1366,1221 1366,1220 1365,1219 1365,1218 1364,1218 1364,1217 1358,1217 1357,1218 1356,1218 1355,1217 1349,1217 1348,1218 1345,1218 1344,1219 1342,1219 1341,1220 1339,1220 1336,1223 1322,1223 1321,1224 1295,1224 1294,1225 1293,1225 1292,1226 1282,1226 1281,1225 1280,1225 1279,1224 1248,1224 1247,1223 1246,1223 1245,1224 1243,1224 1242,1225 1240,1225 1239,1226 1237,1226 1236,1227 1230,1227 1229,1226 1227,1226 1226,1225 1225,1225 1224,1224 1164,1224 1163,1223 1160,1223 1158,1221 1158,1220 1156,1218 1153,1218 1152,1217 1144,1217 1143,1218 1132,1218 1131,1219 1129,1219 1128,1220 1127,1220 1125,1222 1124,1222 1123,1223 1119,1223 1118,1222 1118,1221 1117,1220 1117,1219 1116,1218 1114,1218 1113,1217 1105,1217 1104,1218 1102,1218 1101,1219 1099,1219 1095,1223 1069,1223 1068,1224 1067,1224 1066,1223 1058,1223 1057,1224 1052,1224 1051,1225 1035,1225 1034,1226 1032,1226 1031,1225 1027,1225 1026,1226 1024,1226 1023,1227 1020,1227 1019,1228 1010,1228 1009,1229 1001,1229 1000,1228 999,1228 998,1227 989,1227 988,1226 918,1226 917,1227 898,1227 897,1226 896,1226 895,1225 887,1225 886,1226 885,1226 884,1227 878,1227 877,1226 876,1226 875,1225 865,1225 864,1226 863,1226 862,1227 839,1227 838,1228 826,1228 825,1229 824,1229 823,1230 812,1230 811,1229 787,1229 786,1228 766,1228 765,1227 764,1227 763,1226 755,1226 754,1227 738,1227 737,1226 737,1225 736,1224 736,1223 735,1222 733,1222 732,1221 723,1221 722,1222 719,1222 718,1223 715,1223 713,1225 713,1226 712,1227 696,1227 695,1226 695,1225 694,1224 694,1223 693,1223 692,1222 688,1222 687,1221 668,1221 667,1222 665,1222 664,1223 654,1224 653,1225 651,1225 650,1226 650,1227 649,1228 649,1229 648,1230 642,1230 641,1231 640,1231 639,1232 636,1232 635,1233 628,1233 627,1232 626,1232 625,1231 612,1231 611,1230 611,1228 610,1227 610,1226 609,1225 607,1225 606,1224 603,1224 602,1223 597,1223 596,1224 592,1224 591,1223 589,1223 588,1222 576,1222 575,1223 573,1223 572,1224 570,1224 568,1226 567,1226 562,1231 553,1231 552,1232 545,1232 544,1233 543,1233 542,1234 540,1234 539,1235 535,1235 534,1236 533,1236 532,1235 522,1235 521,1234 517,1234 516,1233 515,1233 514,1232 506,1232 505,1231 495,1231 494,1232 469,1232 467,1230 466,1230 465,1229 463,1229 462,1228 458,1228 457,1229 452,1229 451,1230 449,1230 448,1231 445,1231 444,1232 420,1232 419,1231 418,1231 417,1230 409,1230 408,1231 407,1231 406,1232 377,1232 376,1233 311,1233 311,1275 318,1275 320,1277 325,1277 326,1278 328,1278 329,1277 334,1277 335,1276 336,1276 337,1277 340,1277 341,1276 348,1276 349,1275 350,1275 351,1276 356,1276 357,1277 359,1277 360,1276 366,1276 367,1277 370,1277 371,1278 372,1278 373,1279 374,1278 379,1278 380,1277 394,1277 395,1276 411,1276 412,1277 413,1277 414,1278 430,1278 431,1279 441,1279 442,1278 472,1278 473,1279 473,1282 474,1283 476,1283 477,1284 479,1284 480,1285 481,1285 482,1286 483,1286 484,1287 486,1287 488,1285 490,1285 492,1283 500,1283 501,1284 502,1284 503,1285 506,1285 507,1284 508,1284 509,1283 510,1283 510,1282 511,1281 511,1280 513,1278 520,1278 521,1277 558,1277 559,1278 559,1281 560,1282 561,1282 562,1283 564,1283 565,1284 573,1284 574,1283 576,1283 583,1276 592,1276 593,1277 603,1277 604,1276 609,1276 610,1275 621,1275 622,1276 662,1276 663,1274 677,1274 678,1275 716,1275 717,1276 717,1279 718,1280 719,1280 720,1281 721,1281 722,1282 726,1282 727,1283 728,1283 729,1282 731,1282 732,1281 735,1281 736,1280 737,1280 738,1279 739,1279 744,1274 746,1274 747,1273 754,1273 755,1274 757,1274 758,1275 787,1275 788,1276 788,1279 790,1281 791,1281 792,1282 794,1282 795,1283 803,1283 804,1282 807,1282 808,1281 809,1281 810,1280 811,1280 811,1276 812,1275 829,1275 830,1274 833,1274 834,1275 842,1275 843,1274 864,1274 865,1273 883,1273 884,1274 894,1274 895,1273 919,1273 920,1272 921,1272 922,1273 930,1273 931,1272 954,1272 955,1271 979,1271 980,1270 982,1270 983,1269 994,1269 995,1270 1011,1270 1012,1271 1015,1271 1016,1272 1017,1272 1018,1273 1028,1273 1029,1272 1030,1272 1031,1271 1040,1271 1041,1272 1048,1272 1049,1271 1054,1271 1055,1270 1066,1270 1067,1269 1074,1269 1075,1270 1083,1270 1084,1269 1086,1269 1087,1268 1099,1268 1100,1269 1122,1269 1123,1270 1137,1270 1138,1271 1140,1271 1141,1272 1150,1272 1152,1270 1176,1270 1177,1269 1182,1269 1183,1268 1196,1268 1197,1269 1198,1269 1199,1270 1224,1270 1225,1269 1228,1269 1229,1268 1230,1268 1231,1267 1239,1267 1240,1268 1241,1268 1242,1269 1243,1269 1244,1268 1255,1268 1256,1269 1313,1269 1314,1270 1332,1270 1333,1269 1334,1269 1336,1271 1337,1271 1339,1273 1340,1273 1342,1275 1344,1275 1347,1278 1350,1278 1351,1277 1352,1277 1353,1276 1355,1276 1355,1275 1356,1274 1356,1272 1357,1271 1404,1270 1405,1269 1406,1269 1407,1268 1416,1268 1417,1269 1420,1269 1421,1270 1429,1270 1430,1269 1444,1269 1445,1270 1476,1270 1477,1271 1477,1274 1478,1275 1486,1275 1487,1274 1491,1274 1492,1273 1497,1273 1498,1272 1499,1272 1501,1270 1502,1271 1510,1271 1511,1270 1544,1270 1545,1269 1547,1269 1548,1268 1550,1268 1551,1267 1561,1267 1562,1268 1563,1268 1564,1269 1576,1269 1577,1268 1578,1268 1579,1267 1586,1267 1587,1266 1600,1266 1601,1267 1602,1267 1603,1268 1623,1268 1623,1223 1604,1223 1603,1222 1603,1219 1602,1218 1602,1217 1601,1216 1598,1216 1597,1215 1587,1215 1586,1216 1585,1216 1584,1217 1583,1217 1582,1218 1582,1220 1581,1221 1570,1221 1569,1222 1552,1222 1551,1221 1536,1221 1535,1220 1535,1219 1534,1218 1534,1217 1532,1217 1531,1216 1519,1216 1518,1217 1516,1217 1515,1216 1510,1216 1509,1215 1495,1215"/>
                <pc:Baseline points="310,1265 1623,1257"/>
                <pc:TextEquiv conf="0.958321034908295">
                    <pc:Unicode>menta legere ſeiuerãt/hoc pacto a me / octo dñtat at menſibus inſtituti-</pc:Unicode>
                </pc:TextEquiv>
            </pc:TextLine>
            <pc:TextLine id="OCR-D-BIN-DENOISE-DESKEW_0006_region0002_line0018">
                <pc:AlternativeImage filename="OCR-D-SEG-LINE-RESEG-DEWARP/OCR-D-SEG-LINE-RESEG-DEWARP_0006_OCR-D-BIN-DENOISE-DESKEW_0006_region0002_OCR-D-BIN-DENOISE-DESKEW_0006_region0002_line0018.IMG-DEWARP.png" comments="binarized,despeckled,dewarped"/>
                <pc:Coords points="1230,1269 1229,1269 1228,1270 1225,1270 1224,1271 1221,1271 1221,1272 1220,1273 1220,1274 1219,1275 1204,1275 1202,1273 1202,1272 1201,1271 1199,1271 1198,1270 1197,1270 1196,1269 1183,1269 1182,1270 1177,1270 1176,1271 1171,1271 1170,1272 1169,1272 1166,1275 1165,1274 1156,1274 1155,1273 1141,1273 1140,1272 1138,1272 1137,1271 1123,1271 1122,1270 1100,1270 1099,1269 1087,1269 1086,1270 1084,1270 1083,1271 1075,1271 1074,1270 1067,1270 1066,1271 1055,1271 1054,1272 1049,1272 1048,1273 1043,1273 1042,1274 1039,1274 1038,1275 1033,1275 1032,1276 1024,1276 1023,1277 1013,1277 1011,1275 1011,1274 1008,1271 995,1271 994,1270 983,1270 982,1271 980,1271 979,1272 978,1272 978,1273 977,1274 977,1276 976,1277 964,1277 963,1278 948,1278 947,1279 866,1279 865,1280 812,1280 811,1281 810,1281 809,1282 808,1282 807,1283 804,1283 803,1284 795,1284 794,1283 792,1283 791,1282 790,1282 789,1281 785,1281 784,1280 762,1280 761,1279 761,1278 760,1277 760,1276 758,1276 757,1275 755,1275 754,1274 747,1274 746,1275 744,1275 739,1280 738,1280 737,1281 736,1281 735,1282 732,1282 731,1283 729,1283 728,1284 727,1284 726,1283 722,1283 721,1282 720,1282 719,1281 703,1281 702,1282 691,1282 690,1281 689,1281 688,1280 683,1280 682,1279 682,1278 680,1276 678,1276 677,1275 663,1275 662,1277 658,1277 652,1283 632,1283 631,1282 627,1282 626,1281 626,1280 625,1279 625,1278 624,1277 622,1277 621,1276 610,1276 609,1277 607,1277 606,1278 606,1279 605,1280 605,1281 604,1282 597,1282 596,1281 596,1280 595,1279 595,1278 593,1278 592,1277 583,1277 576,1284 574,1284 573,1285 565,1285 564,1284 562,1284 561,1283 560,1283 559,1282 553,1282 552,1283 528,1283 527,1284 509,1284 508,1285 507,1285 506,1286 503,1286 502,1285 501,1285 500,1284 492,1284 490,1286 488,1286 486,1288 484,1288 483,1287 482,1287 481,1286 480,1286 479,1285 477,1285 476,1284 474,1284 473,1283 472,1283 470,1285 418,1285 416,1283 416,1280 415,1279 414,1279 413,1278 412,1278 411,1277 395,1277 394,1278 386,1278 385,1279 384,1279 383,1280 382,1280 381,1279 374,1279 373,1280 372,1279 371,1279 370,1278 367,1278 366,1277 360,1277 359,1278 357,1278 356,1277 351,1277 350,1276 349,1276 348,1277 341,1277 340,1278 337,1278 336,1277 335,1277 334,1278 329,1278 328,1279 326,1279 325,1278 311,1278 311,1331 379,1331 380,1330 390,1330 391,1329 396,1329 398,1331 399,1331 400,1332 403,1332 404,1331 405,1331 406,1330 407,1330 408,1329 412,1329 413,1328 425,1328 426,1329 429,1329 430,1330 431,1330 432,1329 434,1329 435,1330 445,1330 446,1329 465,1329 466,1328 474,1328 475,1327 481,1327 482,1326 488,1326 489,1327 493,1327 494,1328 495,1328 496,1329 500,1329 501,1330 512,1330 513,1329 548,1329 549,1328 559,1328 560,1327 571,1327 572,1326 578,1326 579,1327 587,1327 588,1328 590,1328 591,1329 593,1329 594,1328 599,1328 600,1327 601,1327 602,1328 630,1328 631,1329 718,1328 719,1327 720,1327 721,1326 733,1326 734,1327 736,1327 737,1328 739,1328 740,1329 741,1329 742,1328 747,1328 748,1327 781,1327 782,1326 784,1326 785,1327 796,1327 797,1326 823,1326 824,1327 824,1331 825,1332 825,1333 826,1334 828,1334 829,1335 834,1335 835,1336 848,1336 849,1335 855,1335 856,1334 857,1334 858,1333 860,1333 861,1332 861,1331 862,1330 862,1328 864,1326 868,1326 869,1325 920,1325 921,1324 924,1324 925,1325 934,1325 935,1324 949,1324 950,1323 957,1323 958,1322 964,1322 965,1323 972,1323 973,1324 974,1324 975,1325 980,1325 981,1324 986,1324 987,1325 995,1325 996,1324 1002,1324 1003,1323 1013,1323 1014,1324 1016,1324 1017,1323 1027,1323 1028,1324 1046,1324 1047,1323 1061,1323 1062,1324 1063,1324 1064,1325 1071,1325 1072,1324 1074,1324 1075,1323 1077,1325 1078,1325 1079,1326 1081,1326 1082,1327 1090,1327 1091,1328 1095,1328 1096,1329 1100,1329 1101,1330 1102,1330 1103,1331 1105,1331 1106,1330 1107,1330 1108,1329 1110,1329 1111,1328 1112,1328 1113,1327 1114,1327 1114,1326 1115,1325 1115,1324 1117,1322 1118,1323 1119,1323 1120,1324 1128,1324 1129,1323 1131,1323 1132,1322 1148,1322 1149,1321 1154,1321 1155,1322 1156,1322 1157,1321 1158,1321 1159,1322 1159,1323 1164,1328 1166,1328 1167,1329 1168,1329 1169,1328 1170,1328 1172,1326 1172,1325 1176,1321 1177,1321 1178,1322 1181,1322 1182,1323 1184,1323 1185,1322 1209,1322 1210,1323 1216,1323 1217,1322 1231,1322 1232,1323 1262,1323 1263,1324 1271,1324 1272,1323 1311,1323 1312,1324 1321,1324 1322,1323 1332,1323 1334,1325 1334,1326 1337,1329 1342,1329 1343,1330 1344,1329 1349,1329 1351,1327 1351,1326 1352,1325 1352,1324 1353,1323 1405,1322 1406,1321 1410,1321 1411,1320 1416,1320 1417,1321 1423,1321 1424,1320 1431,1320 1432,1319 1433,1319 1434,1320 1435,1319 1441,1319 1442,1320 1443,1320 1444,1321 1448,1321 1449,1322 1453,1322 1454,1321 1467,1321 1468,1322 1480,1322 1481,1323 1490,1323 1491,1322 1496,1322 1497,1323 1498,1322 1500,1322 1501,1321 1511,1321 1512,1322 1534,1322 1535,1323 1543,1323 1544,1322 1559,1322 1560,1321 1566,1321 1567,1322 1567,1326 1577,1326 1578,1325 1579,1325 1580,1324 1581,1324 1586,1319 1620,1319 1621,1318 1623,1318 1623,1277 1619,1277 1618,1276 1611,1276 1610,1275 1607,1275 1606,1274 1606,1271 1605,1270 1605,1269 1603,1269 1602,1268 1601,1268 1600,1267 1587,1267 1586,1268 1579,1268 1578,1269 1577,1269 1576,1270 1575,1270 1572,1273 1567,1273 1566,1272 1566,1271 1565,1270 1564,1270 1563,1269 1562,1269 1561,1268 1551,1268 1550,1269 1548,1269 1547,1270 1545,1270 1544,1271 1543,1271 1542,1272 1542,1273 1541,1274 1524,1274 1523,1275 1512,1275 1511,1276 1510,1276 1509,1275 1501,1275 1500,1274 1500,1273 1498,1273 1497,1274 1492,1274 1491,1275 1487,1275 1486,1276 1423,1276 1422,1275 1422,1274 1421,1273 1421,1272 1419,1270 1417,1270 1416,1269 1407,1269 1406,1270 1405,1270 1404,1271 1402,1271 1400,1273 1400,1274 1398,1276 1384,1276 1383,1275 1382,1275 1381,1274 1372,1274 1371,1275 1370,1275 1369,1276 1353,1277 1352,1278 1351,1278 1350,1279 1347,1279 1344,1276 1342,1276 1340,1274 1339,1274 1337,1272 1336,1272 1334,1270 1333,1270 1332,1271 1330,1271 1328,1273 1328,1274 1327,1275 1327,1276 1326,1277 1260,1277 1259,1276 1259,1272 1258,1271 1258,1270 1256,1270 1255,1269 1244,1269 1243,1270 1242,1270 1241,1269 1240,1269 1239,1268 1231,1268"/>
                <pc:Baseline points="310,1319 1623,1309"/>
                <pc:TextEquiv conf="0.967927813529968">
                    <pc:Unicode>Grãmatice rudimẽta ad vnguem callent. Jd að alias vix triennio adſe⸗</pc:Unicode>
                </pc:TextEquiv>
            </pc:TextLine>
            <pc:TextLine id="OCR-D-BIN-DENOISE-DESKEW_0006_region0002_line0019">
                <pc:AlternativeImage filename="OCR-D-SEG-LINE-RESEG-DEWARP/OCR-D-SEG-LINE-RESEG-DEWARP_0006_OCR-D-BIN-DENOISE-DESKEW_0006_region0002_OCR-D-BIN-DENOISE-DESKEW_0006_region0002_line0019.IMG-DEWARP.png" comments="binarized,despeckled,dewarped"/>
                <pc:Coords points="1431,1321 1424,1321 1423,1322 1421,1322 1420,1323 1419,1322 1417,1322 1416,1321 1411,1321 1410,1322 1406,1322 1405,1323 1403,1323 1400,1326 1400,1327 1398,1329 1344,1330 1343,1331 1342,1330 1329,1330 1326,1327 1325,1327 1324,1326 1316,1326 1315,1327 1314,1327 1312,1329 1311,1329 1310,1330 1261,1330 1260,1329 1259,1329 1258,1328 1248,1328 1247,1329 1246,1329 1245,1328 1240,1328 1239,1327 1236,1327 1234,1325 1234,1324 1232,1324 1231,1323 1217,1323 1216,1324 1210,1324 1209,1323 1185,1323 1184,1324 1182,1324 1181,1323 1178,1323 1177,1322 1176,1322 1173,1325 1173,1326 1170,1329 1169,1329 1168,1330 1167,1330 1166,1329 1164,1329 1158,1323 1158,1322 1157,1322 1156,1323 1155,1323 1154,1322 1149,1322 1148,1323 1132,1323 1131,1324 1129,1324 1128,1325 1123,1325 1122,1326 1120,1326 1119,1327 1116,1327 1115,1328 1113,1328 1112,1329 1111,1329 1110,1330 1108,1330 1107,1331 1106,1331 1105,1332 1103,1332 1102,1331 1101,1331 1100,1330 1096,1330 1095,1329 1091,1329 1090,1328 1082,1328 1081,1327 1079,1327 1078,1326 1077,1326 1075,1324 1074,1325 1072,1325 1071,1326 1070,1326 1065,1331 1043,1331 1042,1330 1034,1330 1032,1328 1032,1327 1030,1325 1028,1325 1027,1324 1017,1324 1016,1325 1014,1325 1013,1324 1003,1324 1002,1325 1000,1325 999,1326 998,1326 993,1331 980,1331 979,1330 979,1329 978,1328 978,1327 977,1326 975,1326 974,1325 973,1325 972,1324 965,1324 964,1323 958,1323 957,1324 950,1324 949,1325 946,1325 944,1327 944,1328 943,1329 943,1330 942,1331 928,1331 927,1332 904,1332 903,1333 875,1333 874,1334 873,1333 863,1333 862,1334 858,1334 857,1335 856,1335 855,1336 849,1336 848,1337 835,1337 834,1336 829,1336 828,1335 793,1335 792,1334 741,1334 740,1333 740,1330 739,1329 737,1329 736,1328 734,1328 733,1327 721,1327 720,1328 719,1328 718,1329 717,1329 716,1330 716,1333 715,1334 687,1334 686,1335 677,1335 676,1334 656,1335 655,1334 643,1334 642,1333 631,1333 630,1332 626,1332 623,1329 611,1329 609,1331 603,1331 602,1330 601,1330 600,1329 594,1329 593,1330 591,1330 590,1329 588,1329 587,1328 579,1328 578,1327 572,1327 571,1328 560,1328 559,1329 555,1329 554,1330 553,1330 552,1331 550,1331 549,1332 539,1332 538,1333 530,1333 529,1334 519,1334 518,1335 498,1335 497,1334 497,1330 496,1330 495,1329 494,1329 493,1328 489,1328 488,1327 482,1327 481,1328 475,1328 474,1329 466,1329 465,1330 458,1330 455,1333 454,1333 453,1334 447,1334 446,1335 433,1335 432,1334 432,1333 431,1332 431,1331 430,1331 429,1330 426,1330 425,1329 413,1329 412,1330 408,1330 407,1331 406,1331 405,1332 404,1332 403,1333 402,1333 401,1334 399,1332 398,1332 396,1330 391,1330 390,1331 384,1331 382,1333 382,1334 380,1336 370,1336 369,1337 358,1337 357,1338 327,1338 326,1339 311,1339 311,1383 328,1383 329,1384 330,1383 335,1383 336,1382 351,1382 352,1383 359,1383 360,1382 376,1382 377,1383 378,1383 379,1382 388,1382 389,1383 391,1383 392,1384 393,1384 394,1383 395,1383 396,1384 396,1385 397,1386 398,1386 399,1387 400,1387 401,1388 410,1388 412,1386 413,1386 415,1384 416,1384 418,1382 429,1382 430,1381 451,1381 452,1382 454,1382 455,1383 462,1383 463,1382 464,1382 465,1381 466,1381 468,1379 482,1379 483,1380 499,1380 500,1381 510,1381 511,1382 521,1382 522,1381 525,1381 526,1382 536,1382 537,1381 539,1381 540,1382 541,1382 542,1383 550,1383 551,1382 552,1382 554,1380 570,1380 571,1381 578,1381 579,1380 583,1380 584,1379 594,1379 595,1380 597,1380 598,1381 599,1381 600,1382 611,1382 613,1380 615,1380 616,1379 621,1379 622,1380 624,1380 625,1379 629,1379 630,1380 638,1380 639,1379 655,1379 656,1380 657,1380 658,1381 674,1380 675,1381 677,1381 678,1380 689,1380 694,1385 695,1385 696,1386 699,1386 700,1387 703,1387 704,1386 705,1386 709,1382 710,1382 712,1380 719,1380 720,1381 734,1381 735,1380 751,1380 752,1379 753,1379 754,1378 756,1378 757,1377 782,1377 783,1378 790,1378 791,1379 793,1379 794,1378 796,1378 797,1377 816,1377 817,1378 817,1379 819,1381 819,1382 820,1383 820,1384 822,1386 822,1387 824,1387 825,1388 826,1388 827,1387 832,1387 833,1386 834,1386 836,1384 836,1383 837,1382 837,1380 838,1379 861,1379 862,1380 872,1380 873,1379 887,1379 888,1378 906,1378 907,1377 909,1377 910,1376 930,1376 931,1377 932,1377 933,1378 943,1378 944,1377 952,1377 953,1378 961,1378 962,1377 968,1377 969,1376 971,1376 972,1375 976,1375 977,1376 982,1376 983,1377 985,1377 986,1376 993,1376 996,1379 996,1380 1001,1380 1002,1381 1011,1381 1014,1378 1031,1378 1032,1379 1042,1379 1043,1378 1063,1378 1064,1379 1064,1382 1065,1383 1066,1383 1067,1384 1069,1384 1070,1385 1073,1385 1074,1386 1075,1386 1076,1385 1079,1385 1080,1384 1081,1384 1082,1383 1083,1383 1084,1382 1085,1382 1085,1379 1086,1378 1091,1378 1092,1377 1094,1377 1095,1376 1099,1376 1100,1375 1111,1375 1112,1376 1114,1376 1115,1377 1117,1377 1118,1376 1119,1376 1120,1375 1121,1375 1122,1374 1123,1374 1124,1373 1135,1373 1136,1374 1137,1374 1138,1375 1139,1375 1140,1376 1163,1376 1164,1377 1177,1377 1178,1376 1179,1376 1180,1375 1189,1375 1190,1376 1191,1376 1192,1377 1204,1377 1205,1376 1213,1376 1214,1375 1231,1375 1232,1374 1240,1374 1241,1373 1248,1373 1249,1374 1251,1374 1252,1373 1276,1373 1277,1372 1279,1372 1280,1373 1306,1373 1307,1372 1313,1372 1314,1373 1326,1373 1327,1374 1337,1374 1338,1375 1348,1375 1349,1376 1358,1376 1359,1377 1362,1377 1368,1382 1369,1382 1370,1383 1371,1383 1372,1384 1375,1384 1376,1383 1379,1383 1382,1380 1383,1380 1383,1378 1384,1377 1449,1377 1450,1378 1451,1378 1452,1379 1462,1379 1463,1378 1481,1378 1482,1379 1497,1379 1498,1380 1515,1380 1516,1381 1516,1382 1517,1383 1517,1384 1521,1388 1522,1388 1523,1389 1535,1389 1536,1388 1537,1388 1538,1387 1539,1387 1541,1385 1541,1384 1544,1381 1545,1381 1546,1380 1560,1380 1561,1379 1570,1379 1571,1378 1586,1378 1587,1377 1590,1377 1591,1376 1604,1376 1605,1375 1620,1375 1621,1375 1622,1374 1623,1374 1623,1330 1620,1327 1619,1327 1618,1326 1608,1326 1607,1327 1606,1327 1604,1329 1603,1328 1603,1324 1602,1323 1602,1322 1600,1320 1586,1320 1581,1325 1580,1325 1579,1326 1578,1326 1577,1327 1567,1327 1565,1329 1546,1329 1545,1328 1535,1328 1534,1329 1517,1329 1516,1328 1516,1326 1515,1325 1515,1324 1514,1323 1512,1323 1511,1322 1501,1322 1500,1323 1498,1323 1496,1325 1496,1326 1494,1328 1485,1328 1484,1329 1478,1329 1477,1328 1455,1328 1454,1327 1454,1326 1453,1325 1453,1324 1452,1323 1449,1323 1448,1322 1444,1322 1443,1321 1442,1321 1441,1320 1435,1320 1434,1321 1433,1320 1432,1320"/>
                <pc:Baseline points="311,1372 1283,1362 1512,1370 1624,1366"/>
                <pc:TextEquiv conf="0.95876681804657">
                    <pc:Unicode>cuti fuiſſent. Sed ne plus equo verboſior ſim. Valete / et equi boniq; cõ⸗</pc:Unicode>
                </pc:TextEquiv>
            </pc:TextLine>
            <pc:TextLine id="OCR-D-BIN-DENOISE-DESKEW_0006_region0002_line0020">
                <pc:AlternativeImage filename="OCR-D-SEG-LINE-RESEG-DEWARP/OCR-D-SEG-LINE-RESEG-DEWARP_0006_OCR-D-BIN-DENOISE-DESKEW_0006_region0002_OCR-D-BIN-DENOISE-DESKEW_0006_region0002_line0020.IMG-DEWARP.png" comments="binarized,despeckled,dewarped"/>
                <pc:Coords points="1277,1373 1276,1374 1252,1374 1251,1375 1249,1375 1248,1374 1241,1374 1240,1375 1232,1375 1231,1376 1214,1376 1213,1377 1205,1377 1204,1378 1196,1378 1195,1379 1194,1379 1193,1378 1192,1378 1191,1377 1190,1377 1189,1376 1180,1376 1179,1377 1178,1377 1177,1378 1176,1378 1173,1381 1163,1381 1162,1382 1142,1382 1141,1381 1141,1378 1139,1376 1138,1376 1137,1375 1136,1375 1135,1374 1124,1374 1123,1375 1122,1375 1121,1376 1120,1376 1119,1377 1118,1377 1117,1378 1115,1378 1114,1377 1112,1377 1111,1376 1100,1376 1099,1377 1095,1377 1094,1378 1092,1378 1091,1379 1090,1379 1086,1383 1084,1383 1083,1384 1082,1384 1081,1385 1080,1385 1079,1386 1076,1386 1075,1387 1074,1387 1073,1386 1070,1386 1069,1385 1067,1385 1066,1384 1065,1384 1064,1383 1063,1384 1050,1384 1049,1383 1035,1383 1034,1382 1026,1382 1025,1381 1019,1381 1018,1380 1013,1380 1011,1382 1002,1382 1001,1381 996,1381 995,1380 995,1379 993,1377 986,1377 985,1378 983,1378 982,1377 977,1377 976,1376 972,1376 971,1377 969,1377 967,1379 948,1379 947,1380 942,1380 941,1381 936,1381 934,1379 933,1379 932,1378 931,1378 930,1377 910,1377 909,1378 907,1378 906,1379 904,1379 903,1380 903,1381 902,1382 902,1383 901,1384 871,1384 870,1385 836,1385 834,1387 833,1387 832,1388 827,1388 826,1389 825,1389 824,1388 822,1388 821,1387 821,1386 819,1384 819,1383 818,1382 818,1381 816,1379 816,1378 797,1378 796,1379 794,1379 791,1382 787,1382 785,1380 785,1379 783,1379 782,1378 757,1378 756,1379 754,1379 753,1380 752,1380 750,1382 744,1382 743,1383 732,1383 731,1384 723,1384 722,1383 722,1382 720,1382 719,1381 712,1381 710,1383 709,1383 705,1387 704,1387 703,1388 700,1388 699,1387 696,1387 695,1386 694,1386 689,1381 678,1381 677,1382 676,1382 674,1384 660,1385 659,1384 659,1383 657,1381 656,1381 655,1380 639,1380 638,1381 630,1381 629,1380 625,1380 624,1381 622,1381 621,1380 616,1380 615,1381 613,1381 611,1383 610,1383 610,1384 609,1385 600,1385 598,1383 598,1382 597,1381 595,1381 594,1380 584,1380 583,1381 579,1381 578,1382 576,1382 571,1387 558,1387 557,1388 546,1388 545,1389 539,1389 538,1388 529,1388 528,1389 527,1388 524,1388 523,1387 521,1387 520,1386 518,1386 517,1385 515,1385 514,1384 512,1384 511,1383 508,1383 507,1382 500,1382 499,1381 483,1381 482,1380 468,1380 466,1382 465,1382 464,1383 463,1383 462,1384 455,1384 454,1383 452,1383 451,1382 430,1382 429,1383 418,1383 416,1385 415,1385 413,1387 412,1387 410,1389 401,1389 400,1388 399,1388 398,1387 397,1387 396,1386 395,1386 394,1387 391,1384 389,1384 388,1383 379,1383 378,1384 377,1384 376,1383 360,1383 359,1384 357,1384 357,1385 356,1386 354,1384 352,1384 351,1383 336,1383 335,1384 330,1384 329,1385 328,1385 327,1386 311,1386 311,1440 318,1440 319,1441 319,1442 320,1443 320,1445 321,1446 321,1447 323,1449 324,1449 325,1450 335,1450 336,1449 337,1449 339,1447 339,1446 340,1445 340,1444 341,1443 341,1442 343,1440 348,1440 349,1439 367,1439 368,1438 411,1438 412,1437 456,1437 457,1436 471,1436 472,1437 474,1437 475,1438 483,1438 484,1437 485,1437 486,1436 520,1436 521,1435 541,1435 542,1436 570,1436 571,1437 578,1437 581,1440 582,1440 583,1441 596,1441 597,1440 598,1440 599,1439 600,1439 602,1437 614,1437 615,1438 615,1439 616,1440 616,1441 618,1443 619,1443 620,1444 631,1444 632,1443 635,1443 636,1442 637,1442 639,1440 639,1439 641,1437 653,1437 654,1436 670,1435 671,1434 691,1434 692,1433 695,1433 696,1434 710,1434 711,1435 723,1435 724,1436 748,1436 749,1437 750,1437 751,1438 767,1438 768,1437 769,1437 770,1436 782,1436 783,1435 792,1435 793,1434 800,1434 801,1433 808,1433 809,1432 893,1432 894,1433 907,1433 908,1434 908,1436 909,1437 909,1438 911,1440 912,1440 913,1441 927,1441 928,1440 929,1440 933,1436 933,1435 935,1433 952,1433 953,1432 1016,1432 1017,1431 1039,1431 1040,1432 1060,1432 1061,1433 1062,1433 1063,1434 1072,1434 1073,1433 1074,1433 1075,1432 1080,1432 1082,1434 1082,1435 1083,1436 1083,1437 1085,1439 1086,1439 1087,1440 1098,1440 1099,1439 1100,1439 1103,1436 1103,1435 1104,1434 1104,1433 1105,1432 1121,1432 1122,1431 1150,1431 1151,1430 1207,1430 1208,1429 1212,1429 1213,1430 1223,1430 1224,1429 1256,1429 1257,1430 1273,1430 1274,1431 1285,1431 1286,1430 1320,1430 1321,1431 1350,1431 1353,1434 1354,1434 1355,1435 1365,1435 1366,1433 1367,1433 1369,1431 1371,1431 1374,1434 1375,1434 1376,1435 1388,1435 1389,1434 1390,1434 1392,1432 1397,1432 1398,1433 1453,1433 1454,1432 1455,1432 1456,1431 1460,1431 1461,1430 1462,1430 1464,1428 1464,1427 1465,1426 1465,1390 1464,1389 1464,1388 1462,1386 1461,1386 1460,1385 1454,1385 1453,1384 1440,1384 1439,1383 1415,1383 1414,1382 1398,1382 1397,1381 1388,1381 1387,1380 1384,1380 1383,1381 1382,1381 1379,1384 1376,1384 1375,1385 1372,1385 1371,1384 1370,1384 1369,1383 1368,1383 1362,1378 1359,1378 1358,1377 1349,1377 1348,1376 1338,1376 1337,1375 1327,1375 1326,1374 1314,1374 1313,1373 1307,1373 1306,1374 1280,1374 1279,1373"/>
                <pc:Baseline points="311,1430 1246,1419 1465,1422"/>
                <pc:TextEquiv conf="0.96185290813446">
                    <pc:Unicode>ſulite. Monachi ludis ebruarijs. Anno ſalutis.M.D.tj.</pc:Unicode>
                </pc:TextEquiv>
            </pc:TextLine>
            <pc:TextEquiv>
                <pc:Unicode>uãuis multa variaqz a doctiſſimis/ad inſtituẽdes pueros /rudeſq;
conſcripta ſtt. Nullus tamen adhuc mihi qmdem ſatis facit omnind⸗
Ouãdoquidẽ cõplura/ qᷓ que facile a pueris et rudibus percpi qeant
tradñt. Et que etiã melius auctoritate ac imitattone qᷓ; preceptis diſcut̃
Aut ſolidion etati reſeruanda foꝛent Multitudine em ingenia oftuunt /
dum nihil pretermittendũ cenſent. A ſtudio grammattce deterrent. Et
Cexpertus loquor) in deſperationẽ ſeducũt. Ob cõmunẽ igitur ſtudioſo⸗
rum/pecipue Germanoꝛũ vtilitatem/ et ꝙ om̃is inſtitutio qᷓ; facillima-
atqʒ breuiſſima eſſe debet / grãmatice pꝛecepta in eum ordinẽqui vulgo
per figuras vocatur/ ⁊a noſtris inuentus eſt cõpoſui. uo vnuſqtiſqʒ
qᷓ faalime / et abſqz magno laboꝛe / cuncta inuenire / intelligere / ac me⸗
morie cõmendare poſſit. Nec erubi vernacula lintua loqni/ cumid do⸗
ctiſſimos Jtales facere videam / et ſepius aliquid vno verbo tentonico
rdis accipiet/ quod ambages in lingna latima eidem obſcnrius facerẽt.
Periculũ in huiuſmodi traditiõe nimirũ fecimus. Nam punceps meus.
Ceteriqʒ ingenui pueri mee fidei cõmiſſi continuo poſteaqᷓ; Donati ele⸗
menta legere ſeiuerãt/hoc pacto a me / octo dñtat at menſibus inſtituti-
Grãmatice rudimẽta ad vnguem callent. Jd að alias vix triennio adſe⸗
cuti fuiſſent. Sed ne plus equo verboſior ſim. Valete / et equi boniq; cõ⸗
ſulite. Monachi ludis ebruarijs. Anno ſalutis.M.D.tj.</pc:Unicode>
            </pc:TextEquiv>
        </pc:TextRegion>
        <pc:TextRegion id="OCR-D-BIN-DENOISE-DESKEW_0006_region0003">
            <pc:Coords points="720,1473 682,1473 681,1474 643,1475 642,1476 604,1476 603,1477 565,1477 564,1478 525,1478 524,1479 486,1479 485,1480 447,1480 446,1481 408,1481 407,1482 369,1482 368,1483 330,1483 329,1484 311,1484 311,1700 316,1700 317,1701 328,1701 329,1702 340,1702 341,1703 352,1703 353,1704 364,1704 365,1705 376,1705 377,1706 388,1706 803,1706 804,1705 815,1705 816,1704 828,1704 829,1703 841,1703 842,1702 853,1702 854,1701 866,1701 867,1700 879,1700 880,1699 891,1699 892,1698 904,1698 905,1697 916,1697 917,1696 929,1696 930,1695 942,1695 943,1694 954,1694 955,1693 967,1693 968,1692 980,1692 981,1691 992,1691 993,1690 1005,1690 1006,1689 1017,1689 1018,1688 1030,1688 1031,1687 1043,1687 1044,1686 1055,1686 1056,1685 1068,1685 1069,1684 1081,1684 1082,1683 1093,1683 1094,1682 1106,1682 1107,1681 1118,1681 1119,1680 1131,1680 1132,1679 1144,1679 1145,1678 1156,1678 1157,1677 1169,1677 1170,1676 1182,1676 1183,1675 1194,1675 1195,1674 1207,1674 1208,1673 1219,1673 1220,1672 1232,1672 1233,1671 1245,1671 1246,1670 1257,1670 1258,1669 1270,1669 1271,1668 1283,1668 1284,1667 1295,1667 1296,1666 1308,1666 1309,1665 1320,1665 1321,1664 1333,1664 1334,1663 1346,1663 1347,1662 1358,1662 1359,1661 1371,1660 1372,1659 1384,1659 1385,1658 1396,1658 1397,1657 1409,1657 1410,1656 1421,1656 1422,1655 1434,1655 1435,1654 1447,1654 1448,1653 1459,1653 1460,1652 1472,1652 1473,1651 1485,1651 1486,1650 1497,1650 1498,1649 1510,1649 1511,1648 1522,1648 1523,1647 1535,1647 1536,1646 1548,1646 1549,1645 1560,1645 1561,1644 1573,1644 1574,1643 1586,1643 1587,1642 1598,1642 1599,1641 1609,1641 1610,1640 1619,1640 1620,1639 1623,1639 1623,1484 1621,1484 1620,1483 1616,1483 1615,1482 1611,1482 1610,1481 1607,1481 1606,1480 1602,1480 1601,1479 1597,1479 1596,1478 1592,1478 1591,1477 1587,1477 1586,1476 1583,1476 1582,1475 1578,1475 1577,1474 1573,1474 1572,1473 1365,1474 1364,1473 955,1473 954,1472 721,1472"/>
            <pc:TextLine id="OCR-D-BIN-DENOISE-DESKEW_0006_region0003_line0001">
                <pc:AlternativeImage filename="OCR-D-SEG-LINE-RESEG-DEWARP/OCR-D-SEG-LINE-RESEG-DEWARP_0006_OCR-D-BIN-DENOISE-DESKEW_0006_region0003_OCR-D-BIN-DENOISE-DESKEW_0006_region0003_line0001.IMG-DEWARP.png" comments="binarized,despeckled,dewarped"/>
                <pc:Coords points="739,1473 736,1473 735,1474 734,1474 733,1475 732,1475 730,1477 721,1477 720,1478 718,1478 717,1479 715,1479 714,1480 713,1480 712,1481 710,1481 709,1482 707,1482 706,1483 704,1483 703,1484 698,1484 697,1485 691,1485 690,1486 688,1486 687,1485 678,1485 677,1486 676,1486 675,1487 638,1488 636,1486 636,1485 633,1482 632,1482 631,1481 622,1481 621,1482 620,1482 618,1484 618,1485 617,1486 616,1485 616,1484 614,1482 613,1482 612,1481 596,1481 595,1482 594,1482 593,1483 592,1483 588,1487 586,1487 585,1486 585,1485 584,1484 584,1483 582,1481 581,1481 580,1480 561,1480 560,1481 559,1481 557,1483 557,1484 554,1487 533,1487 532,1488 515,1488 514,1489 499,1489 498,1488 489,1488 488,1489 473,1489 472,1488 472,1487 471,1486 471,1485 469,1483 468,1483 467,1482 460,1482 459,1481 446,1481 440,1481 439,1482 437,1482 436,1483 435,1483 434,1484 433,1484 432,1485 431,1485 428,1488 422,1488 421,1487 413,1487 412,1486 404,1486 403,1485 399,1485 398,1484 397,1484 396,1483 387,1483 386,1484 364,1484 363,1483 349,1483 348,1484 329,1484 311,1484 311,1536 317,1536 318,1537 326,1537 327,1538 333,1538 334,1539 335,1539 336,1540 346,1540 347,1539 348,1539 349,1540 357,1540 358,1541 360,1539 369,1539 370,1540 371,1540 372,1541 376,1541 377,1542 389,1542 390,1541 391,1542 399,1542 400,1541 422,1541 423,1540 437,1540 438,1539 451,1539 452,1538 471,1538 472,1537 487,1537 488,1538 497,1538 498,1537 515,1537 516,1538 516,1542 517,1543 518,1543 519,1544 520,1544 521,1545 525,1545 526,1546 528,1546 529,1545 533,1545 534,1544 535,1544 536,1543 537,1543 537,1538 538,1537 559,1537 560,1536 604,1536 605,1537 646,1537 647,1538 647,1539 648,1540 648,1541 649,1542 655,1542 656,1543 657,1542 661,1542 662,1541 664,1540 665,1539 665,1538 667,1536 691,1536 692,1535 693,1535 694,1534 704,1534 705,1535 706,1535 707,1536 720,1536 721,1537 722,1537 724,1539 731,1539 732,1538 734,1538 735,1537 738,1537 739,1536 740,1536 741,1535 745,1535 746,1534 755,1534 756,1535 776,1535 777,1534 807,1534 808,1535 808,1537 809,1538 809,1539 811,1539 812,1540 813,1540 814,1539 817,1539 818,1538 821,1538 822,1537 825,1537 826,1536 827,1536 828,1535 833,1540 835,1540 836,1541 842,1541 843,1540 845,1540 846,1539 847,1539 849,1537 849,1536 850,1535 850,1534 851,1533 855,1533 856,1532 860,1532 861,1531 864,1531 865,1530 877,1530 878,1531 887,1531 888,1532 889,1532 890,1533 900,1533 901,1532 902,1532 903,1531 905,1531 906,1532 932,1532 933,1533 942,1533 943,1532 946,1532 947,1533 957,1533 958,1532 959,1532 960,1533 964,1533 965,1532 969,1532 970,1531 977,1531 978,1530 985,1530 986,1531 991,1531 992,1530 1001,1530 1002,1531 1003,1531 1004,1532 1005,1532 1006,1533 1012,1533 1013,1532 1018,1532 1019,1533 1037,1533 1038,1534 1038,1537 1039,1537 1040,1538 1041,1538 1042,1539 1043,1539 1044,1540 1045,1540 1046,1541 1056,1541 1057,1540 1058,1540 1059,1539 1061,1539 1061,1538 1062,1537 1062,1534 1063,1533 1094,1533 1095,1532 1129,1532 1130,1531 1142,1531 1143,1532 1145,1530 1146,1530 1147,1529 1162,1529 1163,1528 1168,1528 1169,1527 1179,1527 1180,1528 1182,1528 1184,1530 1185,1530 1186,1531 1204,1531 1205,1532 1234,1532 1235,1533 1248,1533 1249,1532 1264,1532 1265,1531 1319,1531 1320,1532 1321,1532 1322,1533 1324,1533 1325,1532 1327,1532 1328,1531 1332,1531 1333,1530 1343,1530 1344,1531 1353,1531 1354,1532 1363,1532 1364,1531 1365,1531 1366,1529 1379,1529 1380,1530 1382,1530 1383,1531 1405,1531 1406,1532 1415,1532 1416,1531 1424,1531 1425,1532 1440,1532 1441,1533 1441,1534 1442,1535 1442,1536 1443,1537 1444,1537 1445,1538 1446,1538 1447,1539 1451,1539 1452,1540 1454,1540 1455,1539 1459,1539 1460,1538 1461,1538 1462,1537 1464,1537 1464,1536 1465,1535 1465,1533 1466,1532 1500,1532 1501,1531 1508,1531 1509,1530 1519,1530 1520,1531 1530,1531 1531,1530 1534,1530 1535,1531 1536,1531 1537,1532 1545,1532 1546,1531 1547,1531 1548,1530 1592,1530 1593,1529 1617,1529 1618,1528 1623,1528 1623,1484 1621,1484 1613,1484 1612,1483 1602,1483 1601,1482 1588,1482 1587,1481 1577,1481 1576,1480 1576,1479 1575,1478 1575,1477 1572,1474 1571,1474 1570,1473 1556,1473 1556,1474 1555,1474 1553,1476 1551,1476 1550,1475 1536,1475 1535,1476 1534,1476 1532,1478 1532,1479 1531,1480 1531,1481 1530,1482 1510,1482 1509,1483 1460,1483 1459,1484 1430,1484 1429,1485 1428,1485 1427,1484 1427,1481 1426,1480 1426,1479 1423,1476 1422,1476 1421,1475 1411,1475 1410,1476 1409,1476 1408,1477 1407,1477 1403,1481 1403,1482 1402,1483 1402,1484 1401,1485 1370,1485 1369,1484 1334,1485 1333,1484 1293,1484 1291,1482 1290,1482 1289,1481 1280,1481 1279,1482 1278,1482 1276,1484 1275,1483 1265,1483 1264,1484 1227,1484 1226,1485 1220,1485 1218,1483 1217,1483 1216,1482 1206,1482 1205,1483 1204,1483 1202,1485 1155,1485 1154,1484 1154,1483 1153,1482 1153,1481 1150,1478 1149,1478 1148,1477 1137,1477 1136,1478 1135,1478 1133,1480 1133,1481 1132,1482 1132,1484 1130,1486 1105,1486 1104,1485 1104,1482 1103,1481 1103,1480 1099,1476 1098,1476 1097,1475 1087,1475 1086,1476 1085,1476 1082,1479 1082,1480 1081,1481 1081,1483 1079,1485 1022,1485 1021,1484 1021,1482 1020,1481 1020,1480 1018,1478 1017,1478 1016,1477 1006,1477 1005,1478 1004,1478 1002,1480 999,1477 998,1477 997,1476 976,1476 975,1477 965,1477 964,1478 963,1478 958,1483 948,1483 947,1484 946,1484 945,1485 902,1485 901,1484 891,1484 890,1485 868,1485 867,1484 867,1483 866,1482 866,1481 864,1479 863,1479 862,1478 859,1478 858,1477 844,1477 843,1478 841,1478 840,1479 839,1479 836,1482 835,1482 834,1483 833,1482 833,1481 831,1479 830,1479 829,1478 825,1478 824,1477 823,1477 822,1476 808,1476 807,1477 806,1477 804,1479 802,1479 801,1478 800,1478 799,1477 759,1477 757,1475 756,1475 755,1474 753,1474 752,1473 750,1473 749,1472 740,1472"/>
                <pc:Baseline points="311,1526 1624,1519"/>
                <pc:TextEquiv conf="0.958469331264496">
                    <pc:Unicode>uãdoquidẽ iurta Fabi ſententiã in pꝛimis/et ante omnia pueri de⸗</pc:Unicode>
                </pc:TextEquiv>
            </pc:TextLine>
            <pc:TextLine id="OCR-D-BIN-DENOISE-DESKEW_0006_region0003_line0002">
                <pc:AlternativeImage filename="OCR-D-SEG-LINE-RESEG-DEWARP/OCR-D-SEG-LINE-RESEG-DEWARP_0006_OCR-D-BIN-DENOISE-DESKEW_0006_region0003_OCR-D-BIN-DENOISE-DESKEW_0006_region0003_line0002.IMG-DEWARP.png" comments="binarized,despeckled,dewarped"/>
                <pc:Coords points="1168,1529 1163,1529 1162,1530 1147,1530 1146,1531 1145,1531 1143,1533 1142,1532 1130,1532 1129,1533 1128,1533 1126,1535 1126,1536 1124,1538 1101,1538 1100,1539 1081,1539 1080,1538 1071,1538 1070,1539 1068,1539 1067,1540 1059,1540 1058,1541 1057,1541 1056,1542 1046,1542 1045,1541 1044,1541 1043,1540 1042,1540 1041,1539 1040,1539 1039,1538 1036,1538 1035,1537 1029,1537 1028,1536 1023,1536 1022,1535 1015,1535 1014,1534 1006,1534 1005,1533 1004,1533 1003,1532 1002,1532 1001,1531 992,1531 991,1532 986,1532 985,1531 978,1531 977,1532 970,1532 969,1533 965,1533 964,1534 943,1534 942,1535 934,1535 933,1536 927,1536 926,1537 919,1537 918,1538 908,1538 907,1539 892,1539 890,1537 890,1536 889,1535 889,1534 887,1532 878,1532 877,1531 865,1531 864,1532 861,1532 860,1533 858,1533 857,1534 857,1535 856,1536 856,1537 854,1539 848,1539 847,1540 846,1540 845,1541 843,1541 842,1542 836,1542 835,1541 833,1541 828,1536 827,1537 826,1537 825,1538 822,1538 821,1539 818,1539 817,1540 814,1540 813,1541 812,1541 811,1540 761,1540 759,1538 759,1537 758,1536 756,1536 755,1535 746,1535 745,1536 741,1536 740,1537 739,1537 738,1538 735,1538 734,1539 732,1539 731,1540 710,1540 709,1539 709,1538 708,1537 707,1537 706,1536 705,1536 704,1535 694,1535 693,1536 692,1536 691,1537 688,1537 685,1540 669,1540 668,1541 662,1542 661,1543 657,1543 656,1544 655,1543 538,1543 537,1544 536,1544 535,1545 534,1545 533,1546 529,1546 528,1547 526,1547 525,1546 521,1546 520,1545 519,1545 518,1544 507,1544 506,1545 489,1545 487,1543 486,1543 485,1542 475,1542 474,1543 473,1543 471,1545 402,1545 401,1546 391,1546 390,1545 380,1545 379,1546 375,1546 374,1545 374,1543 373,1542 372,1542 371,1541 370,1541 369,1540 360,1540 358,1542 357,1541 349,1541 348,1540 347,1540 346,1541 336,1541 335,1542 335,1545 334,1546 311,1546 311,1592 385,1592 386,1591 402,1591 403,1592 413,1592 414,1591 449,1591 450,1590 540,1590 541,1589 543,1589 544,1588 549,1588 550,1587 562,1587 563,1588 566,1588 567,1589 568,1588 573,1588 574,1587 591,1587 593,1589 593,1590 595,1592 595,1593 596,1594 596,1595 598,1597 599,1597 600,1598 606,1598 607,1599 611,1599 612,1598 619,1598 621,1596 622,1596 630,1588 658,1588 659,1589 670,1588 671,1587 678,1587 679,1586 691,1586 692,1585 712,1585 713,1586 714,1586 715,1585 722,1585 725,1588 726,1588 727,1589 731,1589 732,1590 733,1590 734,1589 736,1589 737,1588 738,1588 740,1586 741,1586 743,1584 744,1584 745,1585 747,1585 748,1586 754,1586 755,1587 756,1587 757,1586 775,1586 776,1587 784,1587 785,1586 822,1586 823,1587 832,1587 833,1586 837,1586 838,1585 862,1585 863,1586 872,1586 873,1585 910,1585 911,1586 921,1586 922,1585 925,1585 926,1586 932,1586 933,1585 939,1585 940,1586 941,1585 943,1585 944,1584 947,1584 948,1583 959,1583 960,1584 965,1584 966,1585 967,1585 968,1586 987,1586 988,1587 991,1587 992,1586 997,1586 998,1587 999,1587 1001,1589 1002,1589 1003,1590 1006,1590 1007,1591 1008,1591 1009,1592 1010,1592 1011,1593 1012,1593 1016,1597 1017,1597 1018,1596 1022,1596 1023,1595 1026,1595 1027,1594 1028,1594 1029,1593 1030,1593 1031,1592 1032,1592 1033,1591 1033,1590 1034,1589 1034,1588 1035,1587 1051,1587 1052,1586 1068,1586 1069,1587 1075,1587 1076,1586 1077,1586 1078,1585 1079,1585 1080,1584 1090,1584 1091,1585 1111,1585 1112,1584 1113,1584 1114,1585 1122,1585 1123,1584 1132,1584 1133,1585 1133,1589 1138,1589 1139,1590 1141,1590 1142,1589 1149,1589 1149,1588 1152,1585 1153,1586 1154,1586 1155,1587 1157,1587 1158,1588 1160,1588 1161,1587 1163,1587 1164,1586 1165,1586 1166,1585 1167,1585 1169,1583 1170,1583 1171,1584 1173,1584 1174,1585 1180,1585 1181,1584 1183,1584 1184,1585 1194,1585 1195,1584 1218,1584 1219,1585 1219,1591 1220,1592 1221,1592 1222,1593 1223,1593 1224,1594 1228,1594 1229,1595 1231,1595 1232,1594 1236,1594 1237,1593 1238,1593 1240,1591 1241,1591 1241,1585 1242,1584 1261,1584 1262,1585 1274,1585 1275,1584 1279,1584 1280,1583 1281,1583 1282,1582 1290,1582 1291,1583 1292,1583 1293,1584 1311,1584 1312,1585 1317,1585 1318,1584 1320,1584 1321,1583 1325,1583 1334,1592 1340,1592 1341,1591 1346,1591 1347,1590 1347,1589 1351,1585 1381,1584 1382,1583 1385,1583 1386,1582 1405,1582 1406,1583 1407,1583 1408,1584 1419,1584 1420,1585 1432,1585 1433,1584 1443,1584 1444,1583 1476,1583 1477,1582 1478,1582 1479,1581 1504,1581 1505,1582 1508,1582 1510,1584 1511,1584 1513,1586 1521,1586 1522,1585 1523,1585 1524,1584 1526,1584 1527,1583 1534,1583 1535,1584 1543,1584 1544,1583 1576,1583 1577,1584 1587,1584 1588,1583 1606,1583 1607,1582 1623,1582 1623,1538 1617,1538 1616,1537 1605,1537 1604,1538 1592,1538 1590,1536 1589,1536 1588,1535 1578,1535 1577,1536 1576,1536 1575,1537 1563,1537 1562,1536 1525,1536 1523,1534 1523,1533 1522,1532 1520,1532 1519,1531 1509,1531 1508,1532 1505,1532 1503,1534 1503,1535 1502,1536 1493,1536 1492,1537 1473,1537 1472,1538 1462,1538 1461,1539 1460,1539 1459,1540 1455,1540 1454,1541 1452,1541 1451,1540 1447,1540 1446,1539 1445,1539 1444,1538 1441,1538 1440,1537 1430,1537 1428,1535 1428,1534 1427,1533 1425,1533 1424,1532 1416,1532 1415,1533 1412,1533 1408,1537 1394,1537 1393,1536 1387,1536 1385,1534 1385,1533 1384,1532 1383,1532 1382,1531 1380,1531 1379,1530 1366,1530 1365,1532 1364,1532 1363,1533 1362,1533 1361,1534 1361,1535 1359,1537 1348,1537 1347,1536 1347,1535 1346,1534 1346,1533 1345,1532 1344,1532 1343,1531 1333,1531 1332,1532 1328,1532 1327,1533 1325,1533 1324,1534 1323,1534 1323,1535 1321,1537 1299,1537 1298,1538 1273,1538 1272,1539 1224,1539 1223,1540 1197,1540 1196,1539 1190,1539 1188,1537 1188,1536 1186,1534 1186,1532 1185,1531 1184,1531 1182,1529 1180,1529 1179,1528 1169,1528"/>
                <pc:Baseline points="311,1582 1624,1572"/>
                <pc:TextEquiv conf="0.975257217884064">
                    <pc:Unicode>clinare et comugare diſcere debent. Ego omiſſis que ihil ad eruditio⸗</pc:Unicode>
                </pc:TextEquiv>
            </pc:TextLine>
            <pc:TextLine id="OCR-D-BIN-DENOISE-DESKEW_0006_region0003_line0003">
                <pc:AlternativeImage filename="OCR-D-SEG-LINE-RESEG-DEWARP/OCR-D-SEG-LINE-RESEG-DEWARP_0006_OCR-D-BIN-DENOISE-DESKEW_0006_region0003_OCR-D-BIN-DENOISE-DESKEW_0006_region0003_line0003.IMG-DEWARP.png" comments="binarized,despeckled,dewarped"/>
                <pc:Coords points="1281,1584 1280,1584 1279,1585 1277,1585 1276,1586 1276,1587 1275,1588 1275,1590 1274,1591 1261,1591 1260,1590 1250,1590 1249,1591 1243,1591 1242,1592 1240,1592 1238,1594 1237,1594 1236,1595 1232,1595 1231,1596 1229,1596 1228,1595 1224,1595 1223,1594 1222,1594 1221,1593 1220,1593 1219,1592 1185,1592 1184,1591 1179,1591 1178,1590 1178,1589 1177,1588 1177,1587 1176,1586 1174,1586 1173,1585 1171,1585 1170,1584 1169,1584 1167,1586 1166,1586 1165,1587 1164,1587 1163,1588 1161,1588 1160,1589 1158,1589 1157,1588 1155,1588 1154,1587 1153,1587 1152,1586 1150,1588 1150,1589 1149,1590 1142,1590 1141,1591 1139,1591 1138,1590 1133,1590 1132,1591 1104,1591 1103,1590 1095,1590 1094,1589 1094,1588 1093,1587 1093,1586 1091,1586 1090,1585 1080,1585 1079,1586 1078,1586 1077,1587 1076,1587 1075,1588 1074,1588 1072,1590 1062,1590 1061,1591 1060,1591 1059,1592 1042,1592 1041,1593 1031,1593 1030,1594 1029,1594 1028,1595 1027,1595 1026,1596 1023,1596 1022,1597 1018,1597 1017,1598 1016,1598 1012,1594 1011,1594 1010,1593 1009,1593 1008,1592 1007,1592 1006,1591 1003,1591 1002,1590 1001,1590 999,1588 998,1588 997,1587 992,1587 991,1588 989,1588 988,1589 987,1589 984,1592 975,1592 974,1591 971,1591 970,1590 970,1589 969,1588 969,1587 968,1587 967,1586 966,1586 965,1585 960,1585 959,1584 948,1584 947,1585 944,1585 943,1586 941,1586 940,1587 939,1586 933,1586 932,1587 930,1587 928,1589 928,1590 927,1591 917,1591 916,1592 881,1592 880,1593 831,1593 830,1592 829,1592 828,1591 820,1591 819,1592 818,1592 817,1593 811,1593 810,1592 809,1592 808,1591 798,1591 797,1592 796,1592 795,1593 787,1593 786,1592 777,1592 776,1591 772,1591 771,1590 767,1590 766,1589 761,1589 760,1588 755,1588 754,1587 748,1587 747,1586 745,1586 744,1585 743,1585 741,1587 740,1587 738,1589 737,1589 736,1590 734,1590 733,1591 732,1591 731,1590 727,1590 726,1589 725,1589 722,1586 715,1586 714,1587 713,1587 712,1586 692,1586 691,1587 679,1587 678,1588 671,1588 670,1589 663,1590 662,1591 661,1590 659,1590 658,1589 630,1589 622,1597 621,1597 619,1599 612,1599 611,1600 607,1600 606,1599 600,1599 599,1598 598,1598 595,1595 595,1594 594,1593 594,1592 592,1590 592,1589 591,1588 574,1588 573,1589 571,1589 570,1590 567,1590 566,1589 563,1589 562,1588 550,1588 549,1589 544,1589 543,1590 541,1590 540,1591 537,1591 534,1594 534,1595 533,1596 519,1596 518,1595 510,1595 509,1596 507,1596 506,1597 420,1597 419,1598 360,1598 359,1599 311,1599 311,1642 324,1642 326,1644 327,1644 328,1645 336,1645 337,1644 338,1644 339,1643 340,1644 351,1644 352,1643 354,1643 355,1644 367,1644 368,1643 403,1643 404,1642 406,1642 407,1641 412,1641 416,1645 417,1645 418,1646 422,1646 423,1647 424,1647 425,1648 426,1648 427,1649 430,1649 431,1648 431,1646 432,1645 432,1644 433,1643 446,1643 447,1642 448,1642 449,1641 459,1641 460,1642 506,1642 507,1643 508,1643 509,1644 517,1644 518,1643 519,1643 520,1642 522,1642 524,1640 525,1640 526,1639 530,1639 531,1638 535,1638 536,1637 560,1637 561,1636 565,1636 566,1637 567,1637 568,1638 570,1638 571,1639 574,1639 575,1638 590,1638 591,1639 594,1639 595,1640 625,1640 626,1641 630,1641 631,1642 632,1642 633,1643 640,1643 641,1642 642,1642 643,1641 655,1641 656,1642 657,1641 658,1641 659,1640 660,1640 661,1639 682,1638 683,1639 685,1639 686,1640 687,1640 688,1641 725,1641 726,1640 769,1640 770,1639 776,1639 777,1638 779,1638 780,1637 788,1637 789,1638 790,1638 791,1639 792,1639 793,1640 813,1640 814,1639 815,1639 816,1638 828,1638 829,1639 830,1639 831,1640 832,1640 833,1641 836,1641 840,1645 841,1645 842,1646 843,1646 844,1647 847,1647 848,1648 856,1648 857,1647 858,1647 859,1646 861,1646 861,1645 862,1644 862,1642 863,1641 882,1641 883,1642 892,1642 893,1641 908,1641 909,1640 927,1640 928,1641 929,1641 930,1642 938,1642 939,1641 940,1641 941,1640 942,1640 943,1641 952,1641 953,1640 977,1640 978,1641 978,1642 979,1643 979,1645 980,1646 980,1647 982,1649 983,1649 984,1650 986,1650 987,1651 996,1651 997,1650 998,1650 1000,1648 1000,1647 1001,1646 1001,1643 1003,1641 1004,1641 1005,1642 1014,1642 1015,1641 1016,1641 1017,1640 1045,1640 1046,1641 1056,1641 1057,1640 1088,1640 1089,1641 1090,1641 1091,1642 1099,1642 1100,1641 1101,1641 1102,1640 1112,1640 1113,1639 1150,1639 1151,1640 1159,1640 1160,1639 1166,1639 1167,1640 1179,1640 1180,1641 1188,1641 1189,1640 1212,1640 1213,1639 1221,1639 1222,1640 1225,1640 1226,1641 1234,1641 1235,1640 1236,1640 1237,1639 1270,1639 1271,1640 1278,1640 1279,1641 1279,1647 1280,1648 1280,1649 1282,1651 1283,1651 1284,1652 1292,1652 1293,1651 1298,1651 1299,1650 1300,1650 1304,1646 1304,1645 1305,1644 1305,1641 1306,1640 1329,1640 1330,1641 1368,1640 1370,1642 1370,1644 1371,1645 1371,1646 1374,1649 1375,1649 1376,1650 1387,1650 1388,1649 1389,1649 1390,1648 1391,1648 1393,1646 1393,1645 1394,1644 1394,1643 1395,1642 1395,1641 1396,1640 1425,1640 1426,1639 1519,1639 1522,1642 1523,1642 1524,1643 1533,1643 1534,1642 1535,1642 1538,1639 1569,1639 1570,1640 1571,1640 1572,1641 1580,1641 1581,1640 1582,1640 1583,1641 1591,1641 1592,1640 1593,1640 1594,1641 1599,1641 1605,1641 1606,1640 1607,1640 1608,1639 1620,1639 1623,1639 1623,1591 1616,1591 1615,1590 1614,1590 1613,1589 1605,1589 1604,1590 1603,1590 1602,1591 1593,1591 1592,1590 1582,1590 1581,1591 1576,1591 1575,1590 1571,1590 1570,1589 1561,1589 1560,1590 1558,1590 1557,1589 1549,1589 1548,1588 1543,1588 1542,1587 1537,1587 1536,1586 1529,1586 1528,1585 1524,1585 1523,1586 1522,1586 1521,1587 1513,1587 1511,1585 1510,1585 1508,1583 1505,1583 1504,1582 1479,1582 1478,1583 1477,1583 1476,1584 1463,1584 1460,1587 1456,1587 1455,1588 1449,1588 1448,1589 1440,1589 1439,1590 1414,1590 1409,1585 1408,1585 1407,1584 1406,1584 1405,1583 1386,1583 1385,1584 1382,1584 1381,1585 1379,1585 1378,1586 1377,1586 1374,1589 1374,1590 1373,1591 1341,1592 1340,1593 1334,1593 1325,1584 1321,1584 1320,1585 1318,1585 1317,1586 1315,1586 1315,1587 1314,1588 1314,1589 1312,1591 1297,1591 1296,1590 1296,1587 1295,1586 1295,1585 1293,1585 1292,1584 1291,1584 1290,1583 1282,1583"/>
                <pc:Baseline points="311,1632 1624,1630"/>
                <pc:TextEquiv conf="0.971073687076569">
                    <pc:Unicode>nem puerorũ faciũt. Ab octo partibuſorationibus incipio / ſicuti Dona⸗</pc:Unicode>
                </pc:TextEquiv>
            </pc:TextLine>
            <pc:TextLine id="OCR-D-BIN-DENOISE-DESKEW_0006_region0003_line0004">
                <pc:AlternativeImage filename="OCR-D-SEG-LINE-RESEG-DEWARP/OCR-D-SEG-LINE-RESEG-DEWARP_0006_OCR-D-BIN-DENOISE-DESKEW_0006_region0003_OCR-D-BIN-DENOISE-DESKEW_0006_region0003_line0004.IMG-DEWARP.png" comments="binarized,despeckled,dewarped"/>
                <pc:Coords points="406,1643 404,1643 403,1644 400,1644 398,1646 398,1647 396,1649 396,1650 395,1651 386,1651 385,1650 377,1650 376,1651 345,1651 344,1650 343,1650 342,1649 332,1649 331,1650 330,1650 329,1651 311,1651 311,1700 316,1700 329,1700 330,1701 342,1701 343,1700 353,1700 354,1699 390,1699 391,1700 391,1702 392,1703 392,1704 393,1705 393,1706 413,1706 414,1705 414,1700 416,1698 466,1698 467,1699 477,1699 478,1698 530,1698 532,1696 532,1695 537,1690 537,1689 536,1688 536,1685 535,1684 535,1676 533,1674 533,1673 532,1672 532,1658 531,1658 530,1657 529,1657 525,1653 525,1651 524,1650 524,1649 521,1646 516,1646 515,1647 514,1647 513,1648 512,1648 510,1650 472,1650 470,1648 469,1648 468,1647 465,1647 463,1645 463,1644 462,1643 460,1643 459,1642 449,1642 448,1643 447,1643 446,1644 444,1644 444,1645 443,1646 443,1647 442,1648 442,1649 441,1650 427,1650 426,1649 425,1649 424,1648 423,1648 422,1647 418,1647 417,1646 416,1646 412,1642 407,1642"/>
                <pc:Baseline points="311,1690 537,1689"/>
                <pc:TextEquiv conf="0.92681223154068">
                    <pc:Unicode>tus fecit / et</pc:Unicode>
                </pc:TextEquiv>
            </pc:TextLine>
            <pc:TextLine id="OCR-D-BIN-DENOISE-DESKEW_0006_region0003_line0005">
                <pc:AlternativeImage filename="OCR-D-SEG-LINE-RESEG-DEWARP/OCR-D-SEG-LINE-RESEG-DEWARP_0006_OCR-D-BIN-DENOISE-DESKEW_0006_region0003_OCR-D-BIN-DENOISE-DESKEW_0006_region0003_line0005.IMG-DEWARP.png" comments="binarized,despeckled,dewarped"/>
                <pc:Coords points="780,1638 779,1639 777,1639 776,1640 774,1640 773,1641 773,1642 772,1643 772,1644 770,1646 749,1646 748,1647 743,1647 742,1646 733,1646 732,1647 689,1647 680,1656 680,1658 679,1659 679,1663 678,1664 678,1688 682,1692 683,1692 687,1696 696,1696 698,1698 698,1699 699,1700 699,1701 702,1704 703,1704 704,1705 705,1705 706,1706 717,1706 718,1705 719,1705 724,1700 724,1699 725,1698 725,1697 726,1696 731,1696 732,1695 752,1695 753,1694 776,1694 777,1695 777,1698 778,1699 778,1700 780,1702 781,1702 784,1705 785,1705 786,1706 797,1706 798,1705 799,1705 802,1702 802,1701 803,1700 803,1698 804,1697 804,1695 805,1694 822,1694 823,1695 926,1695 927,1694 928,1694 930,1692 930,1691 931,1690 931,1663 930,1662 930,1661 928,1659 927,1659 926,1658 924,1658 923,1657 908,1657 907,1656 900,1656 899,1655 896,1655 895,1654 894,1654 893,1653 892,1653 891,1652 890,1652 889,1651 887,1651 886,1650 883,1650 882,1649 877,1649 876,1648 868,1648 867,1647 859,1647 858,1648 857,1648 856,1649 848,1649 847,1648 844,1648 843,1647 842,1647 841,1646 840,1646 837,1643 834,1643 832,1641 831,1641 830,1640 829,1640 828,1639 816,1639 815,1640 814,1640 813,1641 812,1641 812,1642 811,1643 811,1644 809,1646 795,1646 794,1645 794,1642 792,1640 791,1640 790,1639 789,1639 788,1638"/>
                <pc:Baseline points="678,1687 931,1686"/>
                <pc:TextEquiv conf="0.899488627910614">
                    <pc:Unicode>s piecipit.</pc:Unicode>
                </pc:TextEquiv>
            </pc:TextLine>
            <pc:TextEquiv>
                <pc:Unicode>uãdoquidẽ iurta Fabi ſententiã in pꝛimis/et ante omnia pueri de⸗
clinare et comugare diſcere debent. Ego omiſſis que ihil ad eruditio⸗
nem puerorũ faciũt. Ab octo partibuſorationibus incipio / ſicuti Dona⸗
tus fecit / et
s piecipit.</pc:Unicode>
            </pc:TextEquiv>
        </pc:TextRegion>
        <pc:SeparatorRegion id="OCR-D-BIN-DENOISE-DESKEW_0006_sep0004">
            <pc:Coords points="562,1638 561,1639 560,1639 559,1640 550,1640 549,1639 548,1639 547,1640 539,1640 537,1642 535,1642 534,1643 533,1643 532,1644 530,1644 530,1653 531,1654 531,1655 532,1656 532,1662 533,1663 532,1664 532,1671 533,1672 533,1673 535,1675 535,1683 536,1684 536,1687 537,1688 537,1691 538,1692 538,1695 539,1695 540,1696 542,1696 543,1697 544,1697 545,1698 546,1698 547,1699 548,1699 549,1700 564,1700 565,1699 573,1699 574,1698 577,1698 578,1697 579,1698 580,1698 581,1699 582,1699 583,1700 594,1700 595,1699 596,1700 597,1700 598,1701 610,1701 612,1684 611,1684 610,1683 609,1683 608,1682 608,1679 609,1678 609,1677 611,1675 613,1677 613,1683 613,1701 613,1701 614,1702 625,1702 626,1703 637,1703 638,1702 639,1702 640,1701 648,1701 649,1702 650,1702 651,1703 659,1703 660,1704 672,1703 673,1702 674,1702 676,1700 677,1700 677,1695 676,1694 676,1690 675,1689 675,1686 674,1685 674,1683 675,1682 675,1681 676,1680 676,1673 675,1672 675,1666 676,1665 676,1663 677,1662 677,1658 678,1657 678,1644 673,1644 672,1643 669,1643 668,1644 663,1645 663,1646 661,1648 661,1649 651,1659 649,1659 647,1657 647,1656 645,1654 640,1654 639,1653 638,1653 638,1656 636,1658 636,1659 635,1660 630,1660 624,1654 624,1647 622,1647 621,1646 613,1646 612,1645 606,1645 605,1646 592,1646 590,1644 589,1644 588,1643 587,1643 586,1642 585,1642 584,1641 581,1641 580,1642 578,1642 577,1643 575,1643 574,1644 572,1644 571,1643 569,1643 568,1642 567,1642 566,1641 565,1641"/>
        </pc:SeparatorRegion>
    </pc:Page>
</pc:PcGts>
