<?xml version="1.0" encoding="UTF-8"?>
<pc:PcGts xmlns:pc="http://schema.primaresearch.org/PAGE/gts/pagecontent/2019-07-15" xmlns:xsi="http://www.w3.org/2001/XMLSchema-instance" xsi:schemaLocation="http://schema.primaresearch.org/PAGE/gts/pagecontent/2019-07-15 http://schema.primaresearch.org/PAGE/gts/pagecontent/2019-07-15/pagecontent.xsd" pcGtsId="OCR-D-OCR_0003">
    <pc:Metadata>
        <pc:Creator>OCR-D/core 2.71.0</pc:Creator>
        <pc:Created>2025-04-10T09:48:47.502793</pc:Created>
        <pc:LastChange>2025-04-10T09:48:47.502793</pc:LastChange>
        <pc:MetadataItem type="processingStep" name="layout/segmentation/region" value="ocrd-tesserocr-recognize">
            <pc:Labels externalModel="ocrd-tool" externalId="parameters">
                <pc:Label value="region" type="segmentation_level"/>
                <pc:Label value="word" type="textequiv_level"/>
                <pc:Label value="True" type="find_tables"/>
                <pc:Label value="frak2021" type="model"/>
                <pc:Label value="0" type="dpi"/>
                <pc:Label value="0" type="padding"/>
                <pc:Label value="False" type="overwrite_segments"/>
                <pc:Label value="True" type="overwrite_text"/>
                <pc:Label value="False" type="shrink_polygons"/>
                <pc:Label value="False" type="block_polygons"/>
                <pc:Label value="False" type="find_staves"/>
                <pc:Label value="False" type="sparse_text"/>
                <pc:Label value="False" type="raw_lines"/>
                <pc:Label value="" type="char_whitelist"/>
                <pc:Label value="" type="char_blacklist"/>
                <pc:Label value="" type="char_unblacklist"/>
                <pc:Label value="{}" type="tesseract_parameters"/>
                <pc:Label value="{}" type="xpath_parameters"/>
                <pc:Label value="{}" type="xpath_model"/>
                <pc:Label value="False" type="auto_model"/>
                <pc:Label value="DEFAULT" type="oem"/>
            </pc:Labels>
            <pc:Labels externalModel="ocrd-tool" externalId="version">
                <pc:Label value="0.19.1 (tesseract 5.4.1)" type="ocrd-tesserocr-recognize"/>
                <pc:Label value="2.71.0" type="ocrd/core"/>
            </pc:Labels>
        </pc:MetadataItem>
    </pc:Metadata>
    <pc:Page imageFilename="GT-PAGE/huebner_handbuch_1696_0021.tif" imageWidth="1844" imageHeight="2888">
        <pc:AlternativeImage filename="OCR-D-OCR/OCR-D-OCR_0003.IMG-BIN.png" comments=",binarized,clipped"/>
        <pc:ReadingOrder>
            <pc:OrderedGroup id="reading-order">
                <pc:RegionRefIndexed index="0" regionRef="region0000"/>
                <pc:RegionRefIndexed index="1" regionRef="region0001"/>
                <pc:RegionRefIndexed index="2" regionRef="region0002"/>
                <pc:RegionRefIndexed index="4" regionRef="region0004"/>
                <pc:RegionRefIndexed index="5" regionRef="region0005"/>
                <pc:RegionRefIndexed index="6" regionRef="region0006"/>
            </pc:OrderedGroup>
        </pc:ReadingOrder>
        <pc:TextRegion id="region0000" orientation="-0.931605466112899" readingDirection="left-to-right" textLineOrder="top-to-bottom">
            <pc:Coords points="1,1880 109,1880 109,1903 1,1903"/>
            <pc:TextLine id="region0000_line0000">
                <pc:Coords points="1,1880 96,1880 96,1890 1,1890"/>
                <pc:Word id="region0000_line0000_word0000">
                    <pc:Coords points="1,1880 96,1880 96,1890 1,1890"/>
                    <pc:TextEquiv conf="0.205457534790039">
                        <pc:Unicode>an</pc:Unicode>
                    </pc:TextEquiv>
                </pc:Word>
                <pc:TextEquiv conf="0.205457534790039">
                    <pc:Unicode>an</pc:Unicode>
                </pc:TextEquiv>
            </pc:TextLine>
            <pc:TextLine id="region0000_line0001">
                <pc:Coords points="31,1890 109,1890 109,1903 31,1903"/>
                <pc:Word id="region0000_line0001_word0000">
                    <pc:Coords points="31,1890 109,1890 109,1903 31,1903"/>
                    <pc:TextEquiv conf="0.397680969238281">
                        <pc:Unicode>1</pc:Unicode>
                    </pc:TextEquiv>
                </pc:Word>
                <pc:TextEquiv conf="0.397680969238281">
                    <pc:Unicode>1</pc:Unicode>
                </pc:TextEquiv>
            </pc:TextLine>
            <pc:TextEquiv conf="0.30156925201416">
                <pc:Unicode>an
1</pc:Unicode>
            </pc:TextEquiv>
        </pc:TextRegion>
        <pc:TextRegion id="region0001" orientation="-0.931605466112899" type="floating" readingDirection="left-to-right" textLineOrder="top-to-bottom">
            <pc:Coords points="22,2507 125,2507 125,2635 22,2635"/>
            <pc:TextLine id="region0001_line0000">
                <pc:Coords points="22,2507 125,2507 125,2635 22,2635"/>
                <pc:Word id="region0001_line0000_word0000">
                    <pc:Coords points="22,2507 125,2507 125,2635 22,2635"/>
                    <pc:TextEquiv conf="0.369029693603516">
                        <pc:Unicode>90</pc:Unicode>
                    </pc:TextEquiv>
                </pc:Word>
                <pc:TextEquiv conf="0.369029693603516">
                    <pc:Unicode>90</pc:Unicode>
                </pc:TextEquiv>
            </pc:TextLine>
            <pc:TextEquiv conf="0.369029693603516">
                <pc:Unicode>90</pc:Unicode>
            </pc:TextEquiv>
        </pc:TextRegion>
        <pc:TextRegion id="region0002" orientation="-0.931605466112899" readingDirection="left-to-right" textLineOrder="top-to-bottom">
            <pc:Coords points="257,301 1452,301 1452,796 257,796"/>
            <pc:TextLine id="region0002_line0000">
                <pc:Coords points="257,301 1241,301 1241,387 257,387"/>
                <pc:Word id="region0002_line0000_word0000">
                    <pc:Coords points="257,301 405,301 405,374 257,374"/>
                    <pc:TextEquiv conf="0.893982696533203">
                        <pc:Unicode>Als</pc:Unicode>
                    </pc:TextEquiv>
                </pc:Word>
                <pc:Word id="region0002_line0000_word0001">
                    <pc:Coords points="497,301 411,301 411,387 497,387"/>
                    <pc:TextEquiv conf="0.962328186035156">
                        <pc:Unicode>nun</pc:Unicode>
                    </pc:TextEquiv>
                </pc:Word>
                <pc:Word id="region0002_line0000_word0002">
                    <pc:Coords points="538,313 633,313 633,379 538,379"/>
                    <pc:TextEquiv conf="0.963209075927734">
                        <pc:Unicode>der</pc:Unicode>
                    </pc:TextEquiv>
                </pc:Word>
                <pc:Word id="region0002_line0000_word0003">
                    <pc:Coords points="658,307 825,307 825,382 658,382"/>
                    <pc:TextEquiv conf="0.847063217163086">
                        <pc:Unicode>König</pc:Unicode>
                    </pc:TextEquiv>
                </pc:Word>
                <pc:Word id="region0002_line0000_word0004">
                    <pc:Coords points="850,319 986,319 986,372 850,372"/>
                    <pc:TextEquiv conf="0.933062133789063">
                        <pc:Unicode>ward</pc:Unicode>
                    </pc:TextEquiv>
                </pc:Word>
                <pc:Word id="region0002_line0000_word0005">
                    <pc:Coords points="1007,313 1241,313 1241,387 1007,387"/>
                    <pc:TextEquiv conf="0.929482879638672">
                        <pc:Unicode>geſtochen</pc:Unicode>
                    </pc:TextEquiv>
                </pc:Word>
                <pc:TextEquiv conf="0.921521364847819">
                    <pc:Unicode>Als nun der König ward geſtochen</pc:Unicode>
                </pc:TextEquiv>
            </pc:TextLine>
            <pc:TextLine id="region0002_line0001">
                <pc:Coords points="311,383 1383,383 1383,469 311,469"/>
                <pc:Word id="region0002_line0001_word0000">
                    <pc:Coords points="311,383 510,383 510,459 311,459"/>
                    <pc:TextEquiv conf="0.941686096191406">
                        <pc:Unicode>Bekam</pc:Unicode>
                    </pc:TextEquiv>
                </pc:Word>
                <pc:Word id="region0002_line0001_word0001">
                    <pc:Coords points="534,395 613,395 613,444 534,444"/>
                    <pc:TextEquiv conf="0.951633758544922">
                        <pc:Unicode>der</pc:Unicode>
                    </pc:TextEquiv>
                </pc:Word>
                <pc:Word id="region0002_line0001_word0002">
                    <pc:Coords points="643,385 753,385 753,459 643,459"/>
                    <pc:TextEquiv conf="0.951633758544922">
                        <pc:Unicode>Hund</pc:Unicode>
                    </pc:TextEquiv>
                </pc:Word>
                <pc:Word id="region0002_line0001_word0003">
                    <pc:Coords points="903,383 792,383 792,469 903,469"/>
                    <pc:TextEquiv conf="0.961631927490234">
                        <pc:Unicode>eins</pc:Unicode>
                    </pc:TextEquiv>
                </pc:Word>
                <pc:Word id="region0002_line0001_word0004">
                    <pc:Coords points="939,406 1004,406 1004,467 939,467"/>
                    <pc:TextEquiv conf="0.969258728027344">
                        <pc:Unicode>an</pc:Unicode>
                    </pc:TextEquiv>
                </pc:Word>
                <pc:Word id="region0002_line0001_word0005">
                    <pc:Coords points="1030,402 1114,402 1114,455 1030,455"/>
                    <pc:TextEquiv conf="0.962134170532227">
                        <pc:Unicode>den</pc:Unicode>
                    </pc:TextEquiv>
                </pc:Word>
                <pc:Word id="region0002_line0001_word0006">
                    <pc:Coords points="1122,396 1383,396 1383,469 1122,469"/>
                    <pc:TextEquiv conf="0.850734786987305">
                        <pc:Unicode>Knochen:</pc:Unicode>
                    </pc:TextEquiv>
                </pc:Word>
                <pc:TextEquiv conf="0.941244746616908">
                    <pc:Unicode>Bekam der Hund eins an den Knochen:</pc:Unicode>
                </pc:TextEquiv>
            </pc:TextLine>
            <pc:TextLine id="region0002_line0002">
                <pc:Coords points="308,457 1299,457 1299,542 308,542"/>
                <pc:Word id="region0002_line0002_word0000">
                    <pc:Coords points="308,457 497,457 497,523 308,523"/>
                    <pc:TextEquiv conf="0.964588012695312">
                        <pc:Unicode>Damit</pc:Unicode>
                    </pc:TextEquiv>
                </pc:Word>
                <pc:Word id="region0002_line0002_word0001">
                    <pc:Coords points="521,460 772,460 772,529 521,529"/>
                    <pc:TextEquiv conf="0.932986755371094">
                        <pc:Unicode>verfluchte</pc:Unicode>
                    </pc:TextEquiv>
                </pc:Word>
                <pc:Word id="region0002_line0002_word0002">
                    <pc:Coords points="798,465 853,465 853,535 798,535"/>
                    <pc:TextEquiv conf="0.922048950195313">
                        <pc:Unicode>ſie</pc:Unicode>
                    </pc:TextEquiv>
                </pc:Word>
                <pc:Word id="region0002_line0002_word0003">
                    <pc:Coords points="963,457 885,457 885,542 963,542"/>
                    <pc:TextEquiv conf="0.962848968505859">
                        <pc:Unicode>die</pc:Unicode>
                    </pc:TextEquiv>
                </pc:Word>
                <pc:Word id="region0002_line0002_word0004">
                    <pc:Coords points="986,465 1122,465 1122,542 986,542"/>
                    <pc:TextEquiv conf="0.896402359008789">
                        <pc:Unicode>Kegel</pc:Unicode>
                    </pc:TextEquiv>
                </pc:Word>
                <pc:Word id="region0002_line0002_word0005">
                    <pc:Coords points="1296,472 1299,472 1299,475 1296,475"/>
                    <pc:TextEquiv conf="0.">
                        <pc:Unicode>8</pc:Unicode>
                    </pc:TextEquiv>
                </pc:Word>
                <pc:TextEquiv conf="0.946479174296061">
                    <pc:Unicode>Damit verfluchte ſie die Kegel 8</pc:Unicode>
                </pc:TextEquiv>
            </pc:TextLine>
            <pc:TextLine id="region0002_line0003">
                <pc:Coords points="310,537 1285,537 1285,625 310,625"/>
                <pc:Word id="region0002_line0003_word0000">
                    <pc:Coords points="310,537 424,537 424,600 310,600"/>
                    <pc:TextEquiv conf="0.968787689208984">
                        <pc:Unicode>Und</pc:Unicode>
                    </pc:TextEquiv>
                </pc:Word>
                <pc:Word id="region0002_line0003_word0001">
                    <pc:Coords points="447,540 551,540 551,607 447,607"/>
                    <pc:TextEquiv conf="0.967666931152344">
                        <pc:Unicode>hieß</pc:Unicode>
                    </pc:TextEquiv>
                </pc:Word>
                <pc:Word id="region0002_line0003_word0002">
                    <pc:Coords points="570,548 657,548 657,600 570,600"/>
                    <pc:TextEquiv conf="0.968245849609375">
                        <pc:Unicode>den</pc:Unicode>
                    </pc:TextEquiv>
                </pc:Word>
                <pc:Word id="region0002_line0003_word0003">
                    <pc:Coords points="671,538 919,538 919,613 671,613"/>
                    <pc:TextEquiv conf="0.963557281494141">
                        <pc:Unicode>Schieber</pc:Unicode>
                    </pc:TextEquiv>
                </pc:Word>
                <pc:Word id="region0002_line0003_word0004">
                    <pc:Coords points="938,549 1073,549 1073,608 938,608"/>
                    <pc:TextEquiv conf="0.963557281494141">
                        <pc:Unicode>einen</pc:Unicode>
                    </pc:TextEquiv>
                </pc:Word>
                <pc:Word id="region0002_line0003_word0005">
                    <pc:Coords points="1100,546 1285,546 1285,625 1100,625"/>
                    <pc:TextEquiv conf="0.956930160522461">
                        <pc:Unicode>Flegel.</pc:Unicode>
                    </pc:TextEquiv>
                </pc:Word>
                <pc:TextEquiv conf="0.964790865580241">
                    <pc:Unicode>Und hieß den Schieber einen Flegel.</pc:Unicode>
                </pc:TextEquiv>
            </pc:TextLine>
            <pc:TextLine id="region0002_line0004">
                <pc:Coords points="281,624 1450,624 1450,796 281,796"/>
                <pc:Word id="region0002_line0004_word0000">
                    <pc:Coords points="281,630 392,630 392,701 281,701"/>
                    <pc:TextEquiv conf="0.751418075561523">
                        <pc:Unicode>V.</pc:Unicode>
                    </pc:TextEquiv>
                </pc:Word>
                <pc:Word id="region0002_line0004_word0001">
                    <pc:Coords points="421,624 549,624 549,703 421,703"/>
                    <pc:TextEquiv conf="0.870009002685547">
                        <pc:Unicode>Ben</pc:Unicode>
                    </pc:TextEquiv>
                </pc:Word>
                <pc:Word id="region0002_line0004_word0002">
                    <pc:Coords points="573,626 624,626 624,702 573,702"/>
                    <pc:TextEquiv conf="0.932219696044922">
                        <pc:Unicode>ſo</pc:Unicode>
                    </pc:TextEquiv>
                </pc:Word>
                <pc:Word id="region0002_line0004_word0003">
                    <pc:Coords points="650,625 898,625 898,701 650,701"/>
                    <pc:TextEquiv conf="0.88388298034668">
                        <pc:Unicode>beſtalten</pc:Unicode>
                    </pc:TextEquiv>
                </pc:Word>
                <pc:Word id="region0002_line0004_word0004">
                    <pc:Coords points="920,631 1185,631 1185,715 920,715"/>
                    <pc:TextEquiv conf="0.96152229309082">
                        <pc:Unicode>Sachen</pc:Unicode>
                    </pc:TextEquiv>
                </pc:Word>
                <pc:Word id="region0002_line0004_word0005">
                    <pc:Coords points="1156,736 1186,736 1186,624 1156,624"/>
                    <pc:TextEquiv conf="0.96152229309082">
                        <pc:Unicode>/</pc:Unicode>
                    </pc:TextEquiv>
                </pc:Word>
                <pc:Word id="region0002_line0004_word0006">
                    <pc:Coords points="1203,641 1345,641 1345,732 1203,732"/>
                    <pc:TextEquiv conf="0.965898895263672">
                        <pc:Unicode>halte</pc:Unicode>
                    </pc:TextEquiv>
                </pc:Word>
                <pc:Word id="region0002_line0004_word0007">
                    <pc:Coords points="1375,639 1450,639 1450,796 1375,796"/>
                    <pc:TextEquiv conf="0.606225509643555">
                        <pc:Unicode>15</pc:Unicode>
                    </pc:TextEquiv>
                </pc:Word>
                <pc:TextEquiv conf="0.866587343215942">
                    <pc:Unicode>V. Ben ſo beſtalten Sachen / halte 15</pc:Unicode>
                </pc:TextEquiv>
            </pc:TextLine>
            <pc:TextLine id="region0002_line0005">
                <pc:Coords points="1430,746 1452,746 1452,776 1430,776"/>
                <pc:Word id="region0002_line0005_word0000">
                    <pc:Coords points="1430,746 1452,746 1452,776 1430,776"/>
                    <pc:TextEquiv conf="0.655503540039063">
                        <pc:Unicode>2</pc:Unicode>
                    </pc:TextEquiv>
                </pc:Word>
                <pc:TextEquiv conf="0.655503540039063">
                    <pc:Unicode>2</pc:Unicode>
                </pc:TextEquiv>
            </pc:TextLine>
            <pc:TextEquiv conf="0.882687839099339">
                <pc:Unicode>Als nun der König ward geſtochen
Bekam der Hund eins an den Knochen:
Damit verfluchte ſie die Kegel 8
Und hieß den Schieber einen Flegel.
V. Ben ſo beſtalten Sachen / halte 15
2</pc:Unicode>
            </pc:TextEquiv>
        </pc:TextRegion>
        <pc:TextRegion id="region0004" orientation="-0.931605466112899" type="floating" readingDirection="left-to-right" textLineOrder="top-to-bottom">
            <pc:Coords points="145,702 1409,702 1409,793 145,793"/>
            <pc:TextLine id="region0004_line0000">
                <pc:Coords points="145,702 1409,702 1409,793 145,793"/>
                <pc:Word id="region0004_line0000_word0000">
                    <pc:Coords points="145,741 192,741 192,747 145,747"/>
                    <pc:TextEquiv conf="0.897231292724609">
                        <pc:Unicode>dieſe</pc:Unicode>
                    </pc:TextEquiv>
                </pc:Word>
                <pc:Word id="region0004_line0000_word0001">
                    <pc:Coords points="232,702 763,702 763,785 232,785"/>
                    <pc:TextEquiv conf="0.96587158203125">
                        <pc:Unicode>Vermehrung</pc:Unicode>
                    </pc:TextEquiv>
                </pc:Word>
                <pc:Word id="region0004_line0000_word0002">
                    <pc:Coords points="776,712 865,712 865,774 776,774"/>
                    <pc:TextEquiv conf="0.853289260864258">
                        <pc:Unicode>der</pc:Unicode>
                    </pc:TextEquiv>
                </pc:Word>
                <pc:Word id="region0004_line0000_word0003">
                    <pc:Coords points="1051,702 896,702 896,793 1051,793"/>
                    <pc:TextEquiv conf="0.853289260864258">
                        <pc:Unicode>Reime</pc:Unicode>
                    </pc:TextEquiv>
                </pc:Word>
                <pc:Word id="region0004_line0000_word0004">
                    <pc:Coords points="1163,702 1076,702 1076,793 1163,793"/>
                    <pc:TextEquiv conf="0.931220626831055">
                        <pc:Unicode>vor</pc:Unicode>
                    </pc:TextEquiv>
                </pc:Word>
                <pc:Word id="region0004_line0000_word0005">
                    <pc:Coords points="1153,712 1409,712 1409,793 1153,793"/>
                    <pc:TextEquiv conf="0.101626586914062">
                        <pc:Unicode>uͤberfffit</pc:Unicode>
                    </pc:TextEquiv>
                </pc:Word>
                <pc:TextEquiv conf="0.767088101704915">
                    <pc:Unicode>dieſe Vermehrung der Reime vor uͤberfffit</pc:Unicode>
                </pc:TextEquiv>
            </pc:TextLine>
            <pc:TextEquiv conf="0.767088101704915">
                <pc:Unicode>dieſe Vermehrung der Reime vor uͤberfffit</pc:Unicode>
            </pc:TextEquiv>
        </pc:TextRegion>
        <pc:TextRegion id="region0005" orientation="-0.931605466112899" readingDirection="left-to-right" textLineOrder="top-to-bottom">
            <pc:Coords points="201,780 1449,780 1449,2594 201,2594"/>
            <pc:TextLine id="region0005_line0000">
                <pc:Coords points="229,780 1449,780 1449,876 229,876"/>
                <pc:Word id="region0005_line0000_word0000">
                    <pc:Coords points="229,780 303,780 303,856 229,856"/>
                    <pc:TextEquiv conf="0.821221237182617">
                        <pc:Unicode>ſig</pc:Unicode>
                    </pc:TextEquiv>
                </pc:Word>
                <pc:Word id="region0005_line0000_word0001">
                    <pc:Coords points="337,786 339,786 339,853 337,853"/>
                    <pc:TextEquiv conf="0.969534606933594">
                        <pc:Unicode>/</pc:Unicode>
                    </pc:TextEquiv>
                </pc:Word>
                <pc:Word id="region0005_line0000_word0002">
                    <pc:Coords points="375,786 486,786 486,846 375,846"/>
                    <pc:TextEquiv conf="0.969534606933594">
                        <pc:Unicode>und</pc:Unicode>
                    </pc:TextEquiv>
                </pc:Word>
                <pc:Word id="region0005_line0000_word0003">
                    <pc:Coords points="510,786 686,786 686,850 510,850"/>
                    <pc:TextEquiv conf="0.968632736206055">
                        <pc:Unicode>werde</pc:Unicode>
                    </pc:TextEquiv>
                </pc:Word>
                <pc:Word id="region0005_line0000_word0004">
                    <pc:Coords points="711,789 828,789 828,851 711,851"/>
                    <pc:TextEquiv conf="0.966459121704102">
                        <pc:Unicode>mir</pc:Unicode>
                    </pc:TextEquiv>
                </pc:Word>
                <pc:Word id="region0005_line0000_word0005">
                    <pc:Coords points="861,790 998,790 998,865 861,865"/>
                    <pc:TextEquiv conf="0.968255386352539">
                        <pc:Unicode>nicht</pc:Unicode>
                    </pc:TextEquiv>
                </pc:Word>
                <pc:Word id="region0005_line0000_word0006">
                    <pc:Coords points="1020,794 1103,794 1103,858 1020,858"/>
                    <pc:TextEquiv conf="0.915493316650391">
                        <pc:Unicode>die</pc:Unicode>
                    </pc:TextEquiv>
                </pc:Word>
                <pc:Word id="region0005_line0000_word0007">
                    <pc:Coords points="1122,789 1309,789 1309,866 1122,866"/>
                    <pc:TextEquiv conf="0.915493316650391">
                        <pc:Unicode>Muͤhe</pc:Unicode>
                    </pc:TextEquiv>
                </pc:Word>
                <pc:Word id="region0005_line0000_word0008">
                    <pc:Coords points="1326,801 1449,801 1449,876 1326,876"/>
                    <pc:TextEquiv conf="0.910652465820312">
                        <pc:Unicode>neh⸗</pc:Unicode>
                    </pc:TextEquiv>
                </pc:Word>
                <pc:TextEquiv conf="0.933919643825955">
                    <pc:Unicode>ſig / und werde mir nicht die Muͤhe neh⸗</pc:Unicode>
                </pc:TextEquiv>
            </pc:TextLine>
            <pc:TextLine id="region0005_line0001">
                <pc:Coords points="228,857 1446,857 1446,956 228,956"/>
                <pc:Word id="region0005_line0001_word0000">
                    <pc:Coords points="228,871 355,871 355,922 228,922"/>
                    <pc:TextEquiv conf="0.847084884643555">
                        <pc:Unicode>men,</pc:Unicode>
                    </pc:TextEquiv>
                </pc:Word>
                <pc:Word id="region0005_line0001_word0001">
                    <pc:Coords points="656,857 386,857 386,956 656,956"/>
                    <pc:TextEquiv conf="0.847084884643555">
                        <pc:Unicode>dieſelben</pc:Unicode>
                    </pc:TextEquiv>
                </pc:Word>
                <pc:Word id="region0005_line0001_word0002">
                    <pc:Coords points="664,867 798,867 798,956 664,956"/>
                    <pc:TextEquiv conf="0.967022476196289">
                        <pc:Unicode>dem</pc:Unicode>
                    </pc:TextEquiv>
                </pc:Word>
                <pc:Word id="region0005_line0001_word0003">
                    <pc:Coords points="820,867 1230,867 1230,946 820,946"/>
                    <pc:TextEquiv conf="0.931277160644531">
                        <pc:Unicode>nachfolgenden</pc:Unicode>
                    </pc:TextEquiv>
                </pc:Word>
                <pc:Word id="region0005_line0001_word0004">
                    <pc:Coords points="1250,876 1446,876 1446,943 1250,943"/>
                    <pc:TextEquiv conf="0.916662902832031">
                        <pc:Unicode>Reim⸗</pc:Unicode>
                    </pc:TextEquiv>
                </pc:Word>
                <pc:TextEquiv conf="0.901826461791992">
                    <pc:Unicode>men, dieſelben dem nachfolgenden Reim⸗</pc:Unicode>
                </pc:TextEquiv>
            </pc:TextLine>
            <pc:TextLine id="region0005_line0002">
                <pc:Coords points="226,935 1377,935 1377,1043 226,1043"/>
                <pc:Word id="region0005_line0002_word0000">
                    <pc:Coords points="226,935 470,935 470,1014 226,1014"/>
                    <pc:TextEquiv conf="0.881308135986328">
                        <pc:Unicode>Regiſter</pc:Unicode>
                    </pc:TextEquiv>
                </pc:Word>
                <pc:Word id="region0005_line0002_word0001">
                    <pc:Coords points="490,944 921,944 921,1030 490,1030"/>
                    <pc:TextEquiv conf="0.919615783691406">
                        <pc:Unicode>einzuverleiben.</pc:Unicode>
                    </pc:TextEquiv>
                </pc:Word>
                <pc:Word id="region0005_line0002_word0002">
                    <pc:Coords points="1244,1028 1256,1028 1256,1043 1244,1043"/>
                    <pc:TextEquiv conf="0.434746932983398">
                        <pc:Unicode>5</pc:Unicode>
                    </pc:TextEquiv>
                </pc:Word>
                <pc:TextEquiv conf="0.745223617553711">
                    <pc:Unicode>Regiſter einzuverleiben. 5</pc:Unicode>
                </pc:TextEquiv>
            </pc:TextLine>
            <pc:TextLine id="region0005_line0003">
                <pc:Coords points="287,1019 1442,1019 1442,1115 287,1115"/>
                <pc:Word id="region0005_line0003_word0000">
                    <pc:Coords points="287,1023 427,1023 427,1104 287,1104"/>
                    <pc:TextEquiv conf="0.722830200195313">
                        <pc:Unicode>XVI.</pc:Unicode>
                    </pc:TextEquiv>
                </pc:Word>
                <pc:Word id="region0005_line0003_word0001">
                    <pc:Coords points="449,1019 608,1019 608,1088 449,1088"/>
                    <pc:TextEquiv conf="0.968301773071289">
                        <pc:Unicode>Was</pc:Unicode>
                    </pc:TextEquiv>
                </pc:Word>
                <pc:Word id="region0005_line0003_word0002">
                    <pc:Coords points="620,1022 694,1022 694,1083 620,1083"/>
                    <pc:TextEquiv conf="0.927276153564453">
                        <pc:Unicode>die</pc:Unicode>
                    </pc:TextEquiv>
                </pc:Word>
                <pc:Word id="region0005_line0003_word0003">
                    <pc:Coords points="701,1020 1032,1020 1032,1115 701,1115"/>
                    <pc:TextEquiv conf="0.927276153564453">
                        <pc:Unicode>Verſetzung</pc:Unicode>
                    </pc:TextEquiv>
                </pc:Word>
                <pc:Word id="region0005_line0003_word0004">
                    <pc:Coords points="1045,1028 1135,1028 1135,1095 1045,1095"/>
                    <pc:TextEquiv conf="0.958315277099609">
                        <pc:Unicode>der</pc:Unicode>
                    </pc:TextEquiv>
                </pc:Word>
                <pc:Word id="region0005_line0003_word0005">
                    <pc:Coords points="1146,1022 1348,1022 1348,1115 1146,1115"/>
                    <pc:TextEquiv conf="0.932244720458984">
                        <pc:Unicode>Reime</pc:Unicode>
                    </pc:TextEquiv>
                </pc:Word>
                <pc:Word id="region0005_line0003_word0006">
                    <pc:Coords points="1361,1030 1442,1030 1442,1097 1361,1097"/>
                    <pc:TextEquiv conf="0.93060676574707">
                        <pc:Unicode>be⸗</pc:Unicode>
                    </pc:TextEquiv>
                </pc:Word>
                <pc:TextEquiv conf="0.909550149100167">
                    <pc:Unicode>XVI. Was die Verſetzung der Reime be⸗</pc:Unicode>
                </pc:TextEquiv>
            </pc:TextLine>
            <pc:TextLine id="region0005_line0004">
                <pc:Coords points="225,1089 1444,1089 1444,1193 225,1193"/>
                <pc:Word id="region0005_line0004_word0000">
                    <pc:Coords points="225,1089 390,1089 390,1175 225,1175"/>
                    <pc:TextEquiv conf="0.84580810546875">
                        <pc:Unicode>trifft</pc:Unicode>
                    </pc:TextEquiv>
                </pc:Word>
                <pc:Word id="region0005_line0004_word0001">
                    <pc:Coords points="399,1089 379,1089 379,1193 399,1193"/>
                    <pc:TextEquiv conf="0.84580810546875">
                        <pc:Unicode>/</pc:Unicode>
                    </pc:TextEquiv>
                </pc:Word>
                <pc:Word id="region0005_line0004_word0002">
                    <pc:Coords points="404,1089 455,1089 455,1168 404,1168"/>
                    <pc:TextEquiv conf="0.93087890625">
                        <pc:Unicode>ſo</pc:Unicode>
                    </pc:TextEquiv>
                </pc:Word>
                <pc:Word id="region0005_line0004_word0003">
                    <pc:Coords points="468,1096 644,1096 644,1170 468,1170"/>
                    <pc:TextEquiv conf="0.929172286987305">
                        <pc:Unicode>haben</pc:Unicode>
                    </pc:TextEquiv>
                </pc:Word>
                <pc:Word id="region0005_line0004_word0004">
                    <pc:Coords points="666,1097 756,1097 756,1174 666,1174"/>
                    <pc:TextEquiv conf="0.920699615478516">
                        <pc:Unicode>ſich</pc:Unicode>
                    </pc:TextEquiv>
                </pc:Word>
                <pc:Word id="region0005_line0004_word0005">
                    <pc:Coords points="776,1109 877,1109 877,1164 776,1164"/>
                    <pc:TextEquiv conf="0.968804779052734">
                        <pc:Unicode>vor</pc:Unicode>
                    </pc:TextEquiv>
                </pc:Word>
                <pc:Word id="region0005_line0004_word0006">
                    <pc:Coords points="890,1114 1128,1114 1128,1193 890,1193"/>
                    <pc:TextEquiv conf="0.942377777099609">
                        <pc:Unicode>weniger</pc:Unicode>
                    </pc:TextEquiv>
                </pc:Word>
                <pc:Word id="region0005_line0004_word0007">
                    <pc:Coords points="1148,1100 1273,1100 1273,1185 1148,1185"/>
                    <pc:TextEquiv conf="0.775707702636719">
                        <pc:Unicode>Zeit</pc:Unicode>
                    </pc:TextEquiv>
                </pc:Word>
                <pc:Word id="region0005_line0004_word0008">
                    <pc:Coords points="1286,1117 1444,1117 1444,1187 1286,1187"/>
                    <pc:TextEquiv conf="0.260828704833984">
                        <pc:Unicode>deute</pc:Unicode>
                    </pc:TextEquiv>
                </pc:Word>
                <pc:TextEquiv conf="0.824453998141819">
                    <pc:Unicode>trifft / ſo haben ſich vor weniger Zeit deute</pc:Unicode>
                </pc:TextEquiv>
            </pc:TextLine>
            <pc:TextLine id="region0005_line0005">
                <pc:Coords points="224,1168 1441,1168 1441,1276 224,1276"/>
                <pc:Word id="region0005_line0005_word0000">
                    <pc:Coords points="224,1168 511,1168 511,1255 224,1255"/>
                    <pc:TextEquiv conf="0.962053070068359">
                        <pc:Unicode>gefunden</pc:Unicode>
                    </pc:TextEquiv>
                </pc:Word>
                <pc:Word id="region0005_line0005_word0001">
                    <pc:Coords points="510,1168 490,1168 490,1276 510,1276"/>
                    <pc:TextEquiv conf="0.897059020996094">
                        <pc:Unicode>/</pc:Unicode>
                    </pc:TextEquiv>
                </pc:Word>
                <pc:Word id="region0005_line0005_word0002">
                    <pc:Coords points="523,1174 703,1174 703,1246 523,1246"/>
                    <pc:TextEquiv conf="0.897059020996094">
                        <pc:Unicode>welche</pc:Unicode>
                    </pc:TextEquiv>
                </pc:Word>
                <pc:Word id="region0005_line0005_word0003">
                    <pc:Coords points="732,1182 816,1182 816,1243 732,1243"/>
                    <pc:TextEquiv conf="0.960142288208008">
                        <pc:Unicode>den</pc:Unicode>
                    </pc:TextEquiv>
                </pc:Word>
                <pc:Word id="region0005_line0005_word0004">
                    <pc:Coords points="858,1176 974,1176 974,1261 858,1261"/>
                    <pc:TextEquiv conf="0.960142288208008">
                        <pc:Unicode>Reim</pc:Unicode>
                    </pc:TextEquiv>
                </pc:Word>
                <pc:Word id="region0005_line0005_word0005">
                    <pc:Coords points="1016,1184 1174,1184 1174,1251 1016,1251"/>
                    <pc:TextEquiv conf="0.965403518676758">
                        <pc:Unicode>lieber</pc:Unicode>
                    </pc:TextEquiv>
                </pc:Word>
                <pc:Word id="region0005_line0005_word0006">
                    <pc:Coords points="1185,1195 1319,1195 1319,1276 1185,1276"/>
                    <pc:TextEquiv conf="0.928875427246094">
                        <pc:Unicode>zum</pc:Unicode>
                    </pc:TextEquiv>
                </pc:Word>
                <pc:Word id="region0005_line0005_word0007">
                    <pc:Coords points="1327,1187 1441,1187 1441,1269 1327,1269"/>
                    <pc:TextEquiv conf="0.925100860595703">
                        <pc:Unicode>An⸗</pc:Unicode>
                    </pc:TextEquiv>
                </pc:Word>
                <pc:TextEquiv conf="0.93697943687439">
                    <pc:Unicode>gefunden / welche den Reim lieber zum An⸗</pc:Unicode>
                </pc:TextEquiv>
            </pc:TextLine>
            <pc:TextLine id="region0005_line0006">
                <pc:Coords points="222,1251 1446,1251 1446,1346 222,1346"/>
                <pc:Word id="region0005_line0006_word0000">
                    <pc:Coords points="222,1251 420,1251 420,1326 222,1326"/>
                    <pc:TextEquiv conf="0.940029067993164">
                        <pc:Unicode>fange</pc:Unicode>
                    </pc:TextEquiv>
                </pc:Word>
                <pc:Word id="region0005_line0006_word0001">
                    <pc:Coords points="428,1251 401,1251 401,1346 428,1346"/>
                    <pc:TextEquiv conf="0.940029067993164">
                        <pc:Unicode>/</pc:Unicode>
                    </pc:TextEquiv>
                </pc:Word>
                <pc:Word id="region0005_line0006_word0002">
                    <pc:Coords points="442,1255 528,1255 528,1320 442,1320"/>
                    <pc:TextEquiv conf="0.961089782714844">
                        <pc:Unicode>als</pc:Unicode>
                    </pc:TextEquiv>
                </pc:Word>
                <pc:Word id="region0005_line0006_word0003">
                    <pc:Coords points="550,1262 675,1262 675,1331 550,1331"/>
                    <pc:TextEquiv conf="0.961089782714844">
                        <pc:Unicode>zum</pc:Unicode>
                    </pc:TextEquiv>
                </pc:Word>
                <pc:Word id="region0005_line0006_word0004">
                    <pc:Coords points="698,1254 1001,1254 1001,1337 698,1337"/>
                    <pc:TextEquiv conf="0.968781433105469">
                        <pc:Unicode>Ausgange</pc:Unicode>
                    </pc:TextEquiv>
                </pc:Word>
                <pc:Word id="region0005_line0006_word0005">
                    <pc:Coords points="1033,1263 1128,1263 1128,1329 1033,1329"/>
                    <pc:TextEquiv conf="0.962280197143555">
                        <pc:Unicode>der</pc:Unicode>
                    </pc:TextEquiv>
                </pc:Word>
                <pc:Word id="region0005_line0006_word0006">
                    <pc:Coords points="1140,1257 1323,1257 1323,1346 1140,1346"/>
                    <pc:TextEquiv conf="0.931313095092773">
                        <pc:Unicode>Zeilen</pc:Unicode>
                    </pc:TextEquiv>
                </pc:Word>
                <pc:Word id="region0005_line0006_word0007">
                    <pc:Coords points="1343,1270 1446,1270 1446,1343 1343,1343"/>
                    <pc:TextEquiv conf="0.931313095092773">
                        <pc:Unicode>ha⸗</pc:Unicode>
                    </pc:TextEquiv>
                </pc:Word>
                <pc:TextEquiv conf="0.949490690231323">
                    <pc:Unicode>fange / als zum Ausgange der Zeilen ha⸗</pc:Unicode>
                </pc:TextEquiv>
            </pc:TextLine>
            <pc:TextLine id="region0005_line0007">
                <pc:Coords points="224,1324 1181,1324 1181,1419 224,1419"/>
                <pc:Word id="region0005_line0007_word0000">
                    <pc:Coords points="224,1324 320,1324 320,1390 224,1390"/>
                    <pc:TextEquiv conf="0.968447647094727">
                        <pc:Unicode>ben</pc:Unicode>
                    </pc:TextEquiv>
                </pc:Word>
                <pc:Word id="region0005_line0007_word0001">
                    <pc:Coords points="334,1332 659,1332 659,1408 334,1408"/>
                    <pc:TextEquiv conf="0.968447647094727">
                        <pc:Unicode>gebrauchen</pc:Unicode>
                    </pc:TextEquiv>
                </pc:Word>
                <pc:Word id="region0005_line0007_word0002">
                    <pc:Coords points="680,1333 896,1333 896,1401 680,1401"/>
                    <pc:TextEquiv conf="0.889767303466797">
                        <pc:Unicode>wollen.</pc:Unicode>
                    </pc:TextEquiv>
                </pc:Word>
                <pc:Word id="region0005_line0007_word0003">
                    <pc:Coords points="988,1349 1181,1349 1181,1419 988,1419"/>
                    <pc:TextEquiv conf="0.528073120117188">
                        <pc:Unicode>e.</pc:Unicode>
                    </pc:TextEquiv>
                </pc:Word>
                <pc:TextEquiv conf="0.838683929443359">
                    <pc:Unicode>ben gebrauchen wollen. e.</pc:Unicode>
                </pc:TextEquiv>
            </pc:TextLine>
            <pc:TextLine id="region0005_line0008">
                <pc:Coords points="305,1404 1113,1404 1113,1473 305,1473"/>
                <pc:Word id="region0005_line0008_word0000">
                    <pc:Coords points="305,1415 334,1415 334,1448 305,1448"/>
                    <pc:TextEquiv conf="0.8326953125">
                        <pc:Unicode>1.</pc:Unicode>
                    </pc:TextEquiv>
                </pc:Word>
                <pc:Word id="region0005_line0008_word0001">
                    <pc:Coords points="391,1404 561,1404 561,1467 391,1467"/>
                    <pc:TextEquiv conf="0.877618865966797">
                        <pc:Unicode>Richtet</pc:Unicode>
                    </pc:TextEquiv>
                </pc:Word>
                <pc:Word id="region0005_line0008_word0002">
                    <pc:Coords points="579,1410 739,1410 739,1457 579,1457"/>
                    <pc:TextEquiv conf="0.967040328979492">
                        <pc:Unicode>niemals</pc:Unicode>
                    </pc:TextEquiv>
                </pc:Word>
                <pc:Word id="region0005_line0008_word0003">
                    <pc:Coords points="759,1412 897,1412 897,1465 759,1465"/>
                    <pc:TextEquiv conf="0.913110427856445">
                        <pc:Unicode>fremde</pc:Unicode>
                    </pc:TextEquiv>
                </pc:Word>
                <pc:Word id="region0005_line0008_word0004">
                    <pc:Coords points="916,1412 1069,1412 1069,1473 916,1473"/>
                    <pc:TextEquiv conf="0.913110427856445">
                        <pc:Unicode>Verſe</pc:Unicode>
                    </pc:TextEquiv>
                </pc:Word>
                <pc:Word id="region0005_line0008_word0005">
                    <pc:Coords points="1111,1428 1113,1428 1113,1430 1111,1430"/>
                    <pc:TextEquiv conf="0.904100646972656">
                        <pc:Unicode>/</pc:Unicode>
                    </pc:TextEquiv>
                </pc:Word>
                <pc:TextEquiv conf="0.901279335021973">
                    <pc:Unicode>1. Richtet niemals fremde Verſe /</pc:Unicode>
                </pc:TextEquiv>
            </pc:TextLine>
            <pc:TextLine id="region0005_line0009">
                <pc:Coords points="386,1464 995,1464 995,1527 386,1527"/>
                <pc:Word id="region0005_line0009_word0000">
                    <pc:Coords points="386,1465 554,1465 554,1524 386,1524"/>
                    <pc:TextEquiv conf="0.918419647216797">
                        <pc:Unicode>Tichtet</pc:Unicode>
                    </pc:TextEquiv>
                </pc:Word>
                <pc:Word id="region0005_line0009_word0001">
                    <pc:Coords points="574,1466 688,1466 688,1526 574,1526"/>
                    <pc:TextEquiv conf="0.876828460693359">
                        <pc:Unicode>lieber</pc:Unicode>
                    </pc:TextEquiv>
                </pc:Word>
                <pc:Word id="region0005_line0009_word0002">
                    <pc:Coords points="707,1475 827,1475 827,1519 707,1519"/>
                    <pc:TextEquiv conf="0.932861175537109">
                        <pc:Unicode>etwas</pc:Unicode>
                    </pc:TextEquiv>
                </pc:Word>
                <pc:Word id="region0005_line0009_word0003">
                    <pc:Coords points="849,1464 995,1464 995,1527 849,1527"/>
                    <pc:TextEquiv conf="0.762876892089844">
                        <pc:Unicode>beſſers.</pc:Unicode>
                    </pc:TextEquiv>
                </pc:Word>
                <pc:TextEquiv conf="0.872746543884277">
                    <pc:Unicode>Tichtet lieber etwas beſſers.</pc:Unicode>
                </pc:TextEquiv>
            </pc:TextLine>
            <pc:TextLine id="region0005_line0010">
                <pc:Coords points="296,1523 988,1523 988,1586 296,1586"/>
                <pc:Word id="region0005_line0010_word0000">
                    <pc:Coords points="296,1531 332,1531 332,1567 296,1567"/>
                    <pc:TextEquiv conf="0.911736526489258">
                        <pc:Unicode>2.</pc:Unicode>
                    </pc:TextEquiv>
                </pc:Word>
                <pc:Word id="region0005_line0010_word0001">
                    <pc:Coords points="386,1523 494,1523 494,1578 386,1578"/>
                    <pc:TextEquiv conf="0.288704833984375">
                        <pc:Unicode>Kaſt</pc:Unicode>
                    </pc:TextEquiv>
                </pc:Word>
                <pc:Word id="region0005_line0010_word0002">
                    <pc:Coords points="513,1523 571,1523 571,1572 513,1572"/>
                    <pc:TextEquiv conf="0.964990234375">
                        <pc:Unicode>die</pc:Unicode>
                    </pc:TextEquiv>
                </pc:Word>
                <pc:Word id="region0005_line0010_word0003">
                    <pc:Coords points="581,1526 737,1526 737,1584 581,1584"/>
                    <pc:TextEquiv conf="0.918669738769531">
                        <pc:Unicode>Tugend</pc:Unicode>
                    </pc:TextEquiv>
                </pc:Word>
                <pc:Word id="region0005_line0010_word0004">
                    <pc:Coords points="755,1531 988,1531 988,1586 755,1586"/>
                    <pc:TextEquiv conf="0.918669738769531">
                        <pc:Unicode>ungetadelt</pc:Unicode>
                    </pc:TextEquiv>
                </pc:Word>
                <pc:Word id="region0005_line0010_word0005">
                    <pc:Coords points="972,1586 988,1586 988,1523 972,1523"/>
                    <pc:TextEquiv conf="0.960105209350586">
                        <pc:Unicode>/</pc:Unicode>
                    </pc:TextEquiv>
                </pc:Word>
                <pc:TextEquiv conf="0.82714604695638">
                    <pc:Unicode>2. Kaſt die Tugend ungetadelt /</pc:Unicode>
                </pc:TextEquiv>
            </pc:TextLine>
            <pc:TextLine id="region0005_line0011">
                <pc:Coords points="381,1579 946,1579 946,1645 381,1645"/>
                <pc:Word id="region0005_line0011_word0000">
                    <pc:Coords points="381,1580 505,1580 505,1639 381,1639"/>
                    <pc:TextEquiv conf="0.635881843566894">
                        <pc:Unicode>Saßt</pc:Unicode>
                    </pc:TextEquiv>
                </pc:Word>
                <pc:Word id="region0005_line0011_word0001">
                    <pc:Coords points="523,1579 700,1579 700,1639 523,1639"/>
                    <pc:TextEquiv conf="0.964528656005859">
                        <pc:Unicode>hingegen</pc:Unicode>
                    </pc:TextEquiv>
                </pc:Word>
                <pc:Word id="region0005_line0011_word0002">
                    <pc:Coords points="719,1585 790,1585 790,1642 719,1642"/>
                    <pc:TextEquiv conf="0.932890319824219">
                        <pc:Unicode>alle</pc:Unicode>
                    </pc:TextEquiv>
                </pc:Word>
                <pc:Word id="region0005_line0011_word0003">
                    <pc:Coords points="807,1587 946,1587 946,1645 807,1645"/>
                    <pc:TextEquiv conf="0.905878372192383">
                        <pc:Unicode>Laſter.</pc:Unicode>
                    </pc:TextEquiv>
                </pc:Word>
                <pc:TextEquiv conf="0.859794797897339">
                    <pc:Unicode>Saßt hingegen alle Laſter.</pc:Unicode>
                </pc:TextEquiv>
            </pc:TextLine>
            <pc:TextLine id="region0005_line0012">
                <pc:Coords points="269,1638 1092,1638 1092,1695 269,1695"/>
                <pc:Word id="region0005_line0012_word0000">
                    <pc:Coords points="269,1643 326,1643 326,1685 269,1685"/>
                    <pc:TextEquiv conf="0.930991744995117">
                        <pc:Unicode>3.</pc:Unicode>
                    </pc:TextEquiv>
                </pc:Word>
                <pc:Word id="region0005_line0012_word0001">
                    <pc:Coords points="378,1638 527,1638 527,1693 378,1693"/>
                    <pc:TextEquiv conf="0.396098403930664">
                        <pc:Unicode>Kaſter</pc:Unicode>
                    </pc:TextEquiv>
                </pc:Word>
                <pc:Word id="region0005_line0012_word0002">
                    <pc:Coords points="547,1640 621,1640 621,1695 547,1695"/>
                    <pc:TextEquiv conf="0.925802764892578">
                        <pc:Unicode>ſind</pc:Unicode>
                    </pc:TextEquiv>
                </pc:Word>
                <pc:Word id="region0005_line0012_word0003">
                    <pc:Coords points="640,1641 704,1641 704,1687 640,1687"/>
                    <pc:TextEquiv conf="0.967993392944336">
                        <pc:Unicode>der</pc:Unicode>
                    </pc:TextEquiv>
                </pc:Word>
                <pc:Word id="region0005_line0012_word0004">
                    <pc:Coords points="714,1643 862,1643 862,1692 714,1692"/>
                    <pc:TextEquiv conf="0.960229797363281">
                        <pc:Unicode>Seelen</pc:Unicode>
                    </pc:TextEquiv>
                </pc:Word>
                <pc:Word id="region0005_line0012_word0005">
                    <pc:Coords points="882,1643 1061,1643 1061,1694 882,1694"/>
                    <pc:TextEquiv conf="0.945903701782227">
                        <pc:Unicode>Wunden</pc:Unicode>
                    </pc:TextEquiv>
                </pc:Word>
                <pc:Word id="region0005_line0012_word0006">
                    <pc:Coords points="1069,1646 1092,1646 1092,1694 1069,1694"/>
                    <pc:TextEquiv conf="0.922761917114258">
                        <pc:Unicode>/</pc:Unicode>
                    </pc:TextEquiv>
                </pc:Word>
                <pc:TextEquiv conf="0.864254531860352">
                    <pc:Unicode>3. Kaſter ſind der Seelen Wunden /</pc:Unicode>
                </pc:TextEquiv>
            </pc:TextLine>
            <pc:TextLine id="region0005_line0013">
                <pc:Coords points="357,1695 1059,1695 1059,1763 357,1763"/>
                <pc:Word id="region0005_line0013_word0000">
                    <pc:Coords points="357,1695 512,1695 512,1752 357,1752"/>
                    <pc:TextEquiv conf="0.918009262084961">
                        <pc:Unicode>Ja</pc:Unicode>
                    </pc:TextEquiv>
                </pc:Word>
                <pc:Word id="region0005_line0013_word0001">
                    <pc:Coords points="533,1696 578,1696 578,1752 533,1752"/>
                    <pc:TextEquiv conf="0.918009262084961">
                        <pc:Unicode>ſie</pc:Unicode>
                    </pc:TextEquiv>
                </pc:Word>
                <pc:Word id="region0005_line0013_word0002">
                    <pc:Coords points="597,1695 750,1695 750,1756 597,1756"/>
                    <pc:TextEquiv conf="0.949123382568359">
                        <pc:Unicode>bringen</pc:Unicode>
                    </pc:TextEquiv>
                </pc:Word>
                <pc:Word id="region0005_line0013_word0003">
                    <pc:Coords points="767,1711 836,1711 836,1758 767,1758"/>
                    <pc:TextEquiv conf="0.949123382568359">
                        <pc:Unicode>gar</pc:Unicode>
                    </pc:TextEquiv>
                </pc:Word>
                <pc:Word id="region0005_line0013_word0004">
                    <pc:Coords points="854,1703 922,1703 922,1763 854,1763"/>
                    <pc:TextEquiv conf="0.967357940673828">
                        <pc:Unicode>den</pc:Unicode>
                    </pc:TextEquiv>
                </pc:Word>
                <pc:Word id="region0005_line0013_word0005">
                    <pc:Coords points="932,1701 1059,1701 1059,1751 932,1751"/>
                    <pc:TextEquiv conf="0.960959777832031">
                        <pc:Unicode>Todt:</pc:Unicode>
                    </pc:TextEquiv>
                </pc:Word>
                <pc:TextEquiv conf="0.943763834635417">
                    <pc:Unicode>Ja ſie bringen gar den Todt:</pc:Unicode>
                </pc:TextEquiv>
            </pc:TextLine>
            <pc:TextLine id="region0005_line0014">
                <pc:Coords points="376,1753 1097,1753 1097,1818 376,1818"/>
                <pc:Word id="region0005_line0014_word0000">
                    <pc:Coords points="376,1753 550,1753 550,1809 376,1809"/>
                    <pc:TextEquiv conf="0.923268737792969">
                        <pc:Unicode>Pflaſter</pc:Unicode>
                    </pc:TextEquiv>
                </pc:Word>
                <pc:Word id="region0005_line0014_word0001">
                    <pc:Coords points="572,1756 652,1756 652,1807 572,1807"/>
                    <pc:TextEquiv conf="0.918128051757813">
                        <pc:Unicode>aber</pc:Unicode>
                    </pc:TextEquiv>
                </pc:Word>
                <pc:Word id="region0005_line0014_word0002">
                    <pc:Coords points="676,1759 748,1759 748,1818 676,1818"/>
                    <pc:TextEquiv conf="0.900666046142578">
                        <pc:Unicode>ſind</pc:Unicode>
                    </pc:TextEquiv>
                </pc:Word>
                <pc:Word id="region0005_line0014_word0003">
                    <pc:Coords points="772,1760 832,1760 832,1805 772,1805"/>
                    <pc:TextEquiv conf="0.932231140136719">
                        <pc:Unicode>die</pc:Unicode>
                    </pc:TextEquiv>
                </pc:Word>
                <pc:Word id="region0005_line0014_word0004">
                    <pc:Coords points="846,1757 1060,1757 1060,1818 846,1818"/>
                    <pc:TextEquiv conf="0.895727310180664">
                        <pc:Unicode>Spruͤche</pc:Unicode>
                    </pc:TextEquiv>
                </pc:Word>
                <pc:Word id="region0005_line0014_word0005">
                    <pc:Coords points="1095,1796 1097,1796 1097,1799 1095,1799"/>
                    <pc:TextEquiv conf="0.829205017089844">
                        <pc:Unicode>/</pc:Unicode>
                    </pc:TextEquiv>
                </pc:Word>
                <pc:TextEquiv conf="0.899871050516765">
                    <pc:Unicode>Pflaſter aber ſind die Spruͤche /</pc:Unicode>
                </pc:TextEquiv>
            </pc:TextLine>
            <pc:TextLine id="region0005_line0015">
                <pc:Coords points="450,1811 1248,1811 1248,1892 450,1892"/>
                <pc:Word id="region0005_line0015_word0000">
                    <pc:Coords points="450,1816 526,1816 526,1884 450,1884"/>
                    <pc:TextEquiv conf="0.957326354980469">
                        <pc:Unicode>Da</pc:Unicode>
                    </pc:TextEquiv>
                </pc:Word>
                <pc:Word id="region0005_line0015_word0001">
                    <pc:Coords points="535,1818 616,1818 616,1888 535,1888"/>
                    <pc:TextEquiv conf="0.957326354980469">
                        <pc:Unicode>uns</pc:Unicode>
                    </pc:TextEquiv>
                </pc:Word>
                <pc:Word id="region0005_line0015_word0002">
                    <pc:Coords points="628,1811 746,1811 746,1864 628,1864"/>
                    <pc:TextEquiv conf="0.468218421936035">
                        <pc:Unicode>Ott</pc:Unicode>
                    </pc:TextEquiv>
                </pc:Word>
                <pc:Word id="region0005_line0015_word0003">
                    <pc:Coords points="766,1827 835,1827 835,1892 766,1892"/>
                    <pc:TextEquiv conf="0.911039123535156">
                        <pc:Unicode>zur</pc:Unicode>
                    </pc:TextEquiv>
                </pc:Word>
                <pc:Word id="region0005_line0015_word0004">
                    <pc:Coords points="848,1813 962,1813 962,1875 848,1875"/>
                    <pc:TextEquiv conf="0.826431579589844">
                        <pc:Unicode>Buſſe</pc:Unicode>
                    </pc:TextEquiv>
                </pc:Word>
                <pc:Word id="region0005_line0015_word0005">
                    <pc:Coords points="982,1817 1086,1817 1086,1874 982,1874"/>
                    <pc:TextEquiv conf="0.715789184570312">
                        <pc:Unicode>kufft.</pc:Unicode>
                    </pc:TextEquiv>
                </pc:Word>
                <pc:Word id="region0005_line0015_word0006">
                    <pc:Coords points="1186,1849 1248,1849 1248,1892 1186,1892"/>
                    <pc:TextEquiv conf="0.410109405517578">
                        <pc:Unicode>—</pc:Unicode>
                    </pc:TextEquiv>
                </pc:Word>
                <pc:TextEquiv conf="0.749462917872838">
                    <pc:Unicode>Da uns Ott zur Buſſe kufft. —</pc:Unicode>
                </pc:TextEquiv>
            </pc:TextLine>
            <pc:TextLine id="region0005_line0016">
                <pc:Coords points="254,1882 1431,1882 1431,1988 254,1988"/>
                <pc:Word id="region0005_line0016_word0000">
                    <pc:Coords points="254,1882 444,1882 444,1970 254,1970"/>
                    <pc:TextEquiv conf="0.205994567871094">
                        <pc:Unicode>„Xl.</pc:Unicode>
                    </pc:TextEquiv>
                </pc:Word>
                <pc:Word id="region0005_line0016_word0001">
                    <pc:Coords points="467,1884 635,1884 635,1957 467,1957"/>
                    <pc:TextEquiv conf="0.96620849609375">
                        <pc:Unicode>Nun</pc:Unicode>
                    </pc:TextEquiv>
                </pc:Word>
                <pc:Word id="region0005_line0016_word0002">
                    <pc:Coords points="646,1888 749,1888 749,1973 646,1973"/>
                    <pc:TextEquiv conf="0.96864990234375">
                        <pc:Unicode>wil</pc:Unicode>
                    </pc:TextEquiv>
                </pc:Word>
                <pc:Word id="region0005_line0016_word0003">
                    <pc:Coords points="764,1887 834,1887 834,1966 764,1966"/>
                    <pc:TextEquiv conf="0.955738143920898">
                        <pc:Unicode>ich</pc:Unicode>
                    </pc:TextEquiv>
                </pc:Word>
                <pc:Word id="region0005_line0016_word0004">
                    <pc:Coords points="857,1897 1009,1897 1009,1985 857,1985"/>
                    <pc:TextEquiv conf="0.955738143920898">
                        <pc:Unicode>zwar</pc:Unicode>
                    </pc:TextEquiv>
                </pc:Word>
                <pc:Word id="region0005_line0016_word0005">
                    <pc:Coords points="1030,1892 1150,1892 1150,1960 1030,1960"/>
                    <pc:TextEquiv conf="0.968171768188477">
                        <pc:Unicode>dem</pc:Unicode>
                    </pc:TextEquiv>
                </pc:Word>
                <pc:Word id="region0005_line0016_word0006">
                    <pc:Coords points="1165,1888 1431,1888 1431,1988 1165,1988"/>
                    <pc:TextEquiv conf="0.958289031982422">
                        <pc:Unicode>Erfinder</pc:Unicode>
                    </pc:TextEquiv>
                </pc:Word>
                <pc:TextEquiv conf="0.854112864903041">
                    <pc:Unicode>„Xl. Nun wil ich zwar dem Erfinder</pc:Unicode>
                </pc:TextEquiv>
            </pc:TextLine>
            <pc:TextLine id="region0005_line0017">
                <pc:Coords points="215,1958 1427,1958 1427,2062 215,2062"/>
                <pc:Word id="region0005_line0017_word0000">
                    <pc:Coords points="215,1958 293,1958 293,2023 215,2023"/>
                    <pc:TextEquiv conf="0.967392501831055">
                        <pc:Unicode>die</pc:Unicode>
                    </pc:TextEquiv>
                </pc:Word>
                <pc:Word id="region0005_line0017_word0001">
                    <pc:Coords points="324,1959 475,1959 475,2036 324,2036"/>
                    <pc:TextEquiv conf="0.962839736938477">
                        <pc:Unicode>Ehre</pc:Unicode>
                    </pc:TextEquiv>
                </pc:Word>
                <pc:Word id="region0005_line0017_word0002">
                    <pc:Coords points="513,1968 605,1968 605,2042 513,2042"/>
                    <pc:TextEquiv conf="0.905444946289062">
                        <pc:Unicode>der</pc:Unicode>
                    </pc:TextEquiv>
                </pc:Word>
                <pc:Word id="region0005_line0017_word0003">
                    <pc:Coords points="644,1974 916,1974 916,2059 644,2059"/>
                    <pc:TextEquiv conf="0.58181037902832">
                        <pc:Unicode>curiolitaͤt</pc:Unicode>
                    </pc:TextEquiv>
                </pc:Word>
                <pc:Word id="region0005_line0017_word0004">
                    <pc:Coords points="943,1968 1094,1968 1094,2062 943,2062"/>
                    <pc:TextEquiv conf="0.932005233764648">
                        <pc:Unicode>nicht</pc:Unicode>
                    </pc:TextEquiv>
                </pc:Word>
                <pc:Word id="region0005_line0017_word0005">
                    <pc:Coords points="1120,1973 1427,1973 1427,2061 1120,2061"/>
                    <pc:TextEquiv conf="0.439577522277832">
                        <pc:Unicode>diſpotitlich</pc:Unicode>
                    </pc:TextEquiv>
                </pc:Word>
                <pc:TextEquiv conf="0.798178386688232">
                    <pc:Unicode>die Ehre der curiolitaͤt nicht diſpotitlich</pc:Unicode>
                </pc:TextEquiv>
            </pc:TextLine>
            <pc:TextLine id="region0005_line0018">
                <pc:Coords points="216,2032 1425,2032 1425,2138 216,2138"/>
                <pc:Word id="region0005_line0018_word0000">
                    <pc:Coords points="216,2032 458,2032 458,2110 216,2110"/>
                    <pc:TextEquiv conf="0.942571640014648">
                        <pc:Unicode>machen:</pc:Unicode>
                    </pc:TextEquiv>
                </pc:Word>
                <pc:Word id="region0005_line0018_word0001">
                    <pc:Coords points="493,2039 649,2039 649,2120 493,2120"/>
                    <pc:TextEquiv conf="0.967559814453125">
                        <pc:Unicode>Doch</pc:Unicode>
                    </pc:TextEquiv>
                </pc:Word>
                <pc:Word id="region0005_line0018_word0002">
                    <pc:Coords points="672,2045 876,2045 876,2123 672,2123"/>
                    <pc:TextEquiv conf="0.878540573120117">
                        <pc:Unicode>weil</pc:Unicode>
                    </pc:TextEquiv>
                </pc:Word>
                <pc:Word id="region0005_line0018_word0003">
                    <pc:Coords points="877,2032 810,2032 810,2138 877,2138"/>
                    <pc:TextEquiv conf="0.956193542480469">
                        <pc:Unicode>ich</pc:Unicode>
                    </pc:TextEquiv>
                </pc:Word>
                <pc:Word id="region0005_line0018_word0004">
                    <pc:Coords points="888,2057 986,2057 986,2127 888,2127"/>
                    <pc:TextEquiv conf="0.952053985595703">
                        <pc:Unicode>zur</pc:Unicode>
                    </pc:TextEquiv>
                </pc:Word>
                <pc:Word id="region0005_line0018_word0005">
                    <pc:Coords points="995,2042 1120,2042 1120,2125 995,2125"/>
                    <pc:TextEquiv conf="0.933062286376953">
                        <pc:Unicode>Zeit</pc:Unicode>
                    </pc:TextEquiv>
                </pc:Word>
                <pc:Word id="region0005_line0018_word0006">
                    <pc:Coords points="1131,2048 1269,2048 1269,2138 1131,2138"/>
                    <pc:TextEquiv conf="0.932511596679688">
                        <pc:Unicode>nicht</pc:Unicode>
                    </pc:TextEquiv>
                </pc:Word>
                <pc:Word id="region0005_line0018_word0007">
                    <pc:Coords points="1289,2051 1425,2051 1425,2126 1289,2126"/>
                    <pc:TextEquiv conf="0.890549926757813">
                        <pc:Unicode>ſehe</pc:Unicode>
                    </pc:TextEquiv>
                </pc:Word>
                <pc:Word id="region0005_line0018_word0008">
                    <pc:Coords points="1409,2138 1425,2138 1425,2032 1409,2032"/>
                    <pc:TextEquiv conf="0.965968399047852">
                        <pc:Unicode>/</pc:Unicode>
                    </pc:TextEquiv>
                </pc:Word>
                <pc:TextEquiv conf="0.935445751614041">
                    <pc:Unicode>machen: Doch weil ich zur Zeit nicht ſehe /</pc:Unicode>
                </pc:TextEquiv>
            </pc:TextLine>
            <pc:TextLine id="region0005_line0019">
                <pc:Coords points="212,2113 1424,2113 1424,2263 212,2263"/>
                <pc:Word id="region0005_line0019_word0000">
                    <pc:Coords points="212,2119 336,2119 336,2191 212,2191"/>
                    <pc:TextEquiv conf="0.962456436157227">
                        <pc:Unicode>was</pc:Unicode>
                    </pc:TextEquiv>
                </pc:Word>
                <pc:Word id="region0005_line0019_word0001">
                    <pc:Coords points="361,2114 451,2114 451,2263 361,2263"/>
                    <pc:TextEquiv conf="0.400194969177246">
                        <pc:Unicode>0</pc:Unicode>
                    </pc:TextEquiv>
                </pc:Word>
                <pc:Word id="region0005_line0019_word0002">
                    <pc:Coords points="485,2113 668,2113 668,2201 485,2201"/>
                    <pc:TextEquiv conf="0.708999252319336">
                        <pc:Unicode>ſolcher</pc:Unicode>
                    </pc:TextEquiv>
                </pc:Word>
                <pc:Word id="region0005_line0019_word0003">
                    <pc:Coords points="691,2122 803,2122 803,2204 691,2204"/>
                    <pc:TextEquiv conf="0.961211395263672">
                        <pc:Unicode>Art</pc:Unicode>
                    </pc:TextEquiv>
                </pc:Word>
                <pc:Word id="region0005_line0019_word0004">
                    <pc:Coords points="822,2127 944,2127 944,2217 822,2217"/>
                    <pc:TextEquiv conf="0.663890075683594">
                        <pc:Unicode>dem</pc:Unicode>
                    </pc:TextEquiv>
                </pc:Word>
                <pc:Word id="region0005_line0019_word0005">
                    <pc:Coords points="969,2124 1271,2124 1271,2216 969,2216"/>
                    <pc:TextEquiv conf="0.964220581054688">
                        <pc:Unicode>Schreiber</pc:Unicode>
                    </pc:TextEquiv>
                </pc:Word>
                <pc:Word id="region0005_line0019_word0006">
                    <pc:Coords points="1288,2134 1424,2134 1424,2206 1288,2206"/>
                    <pc:TextEquiv conf="0.941412811279297">
                        <pc:Unicode>oder</pc:Unicode>
                    </pc:TextEquiv>
                </pc:Word>
                <pc:TextEquiv conf="0.800340788705008">
                    <pc:Unicode>was 0 ſolcher Art dem Schreiber oder</pc:Unicode>
                </pc:TextEquiv>
            </pc:TextLine>
            <pc:TextLine id="region0005_line0020">
                <pc:Coords points="209,2191 1444,2191 1444,2289 209,2289"/>
                <pc:Word id="region0005_line0020_word0000">
                    <pc:Coords points="209,2191 330,2191 330,2255 209,2255"/>
                    <pc:TextEquiv conf="0.921008148193359">
                        <pc:Unicode>dem</pc:Unicode>
                    </pc:TextEquiv>
                </pc:Word>
                <pc:Word id="region0005_line0020_word0001">
                    <pc:Coords points="344,2193 483,2193 483,2285 344,2285"/>
                    <pc:TextEquiv conf="0.916926803588867">
                        <pc:Unicode>Leſer</pc:Unicode>
                    </pc:TextEquiv>
                </pc:Word>
                <pc:Word id="region0005_line0020_word0002">
                    <pc:Coords points="492,2203 593,2203 593,2277 492,2277"/>
                    <pc:TextEquiv conf="0.966572875976562">
                        <pc:Unicode>vor</pc:Unicode>
                    </pc:TextEquiv>
                </pc:Word>
                <pc:Word id="region0005_line0020_word0003">
                    <pc:Coords points="605,2198 686,2198 686,2274 605,2274"/>
                    <pc:TextEquiv conf="0.968537521362305">
                        <pc:Unicode>ein</pc:Unicode>
                    </pc:TextEquiv>
                </pc:Word>
                <pc:Word id="region0005_line0020_word0004">
                    <pc:Coords points="697,2197 956,2197 956,2280 697,2280"/>
                    <pc:TextEquiv conf="0.933050994873047">
                        <pc:Unicode>Vortheil</pc:Unicode>
                    </pc:TextEquiv>
                </pc:Word>
                <pc:Word id="region0005_line0020_word0005">
                    <pc:Coords points="970,2200 1230,2200 1230,2281 970,2281"/>
                    <pc:TextEquiv conf="0.903151321411133">
                        <pc:Unicode>zuwaͤchſt</pc:Unicode>
                    </pc:TextEquiv>
                </pc:Word>
                <pc:Word id="region0005_line0020_word0006">
                    <pc:Coords points="1247,2211 1264,2211 1264,2280 1247,2280"/>
                    <pc:TextEquiv conf="0.931483764648438">
                        <pc:Unicode>/</pc:Unicode>
                    </pc:TextEquiv>
                </pc:Word>
                <pc:Word id="region0005_line0020_word0007">
                    <pc:Coords points="1291,2199 1326,2199 1326,2282 1291,2282"/>
                    <pc:TextEquiv conf="0.911654510498047">
                        <pc:Unicode>ſo</pc:Unicode>
                    </pc:TextEquiv>
                </pc:Word>
                <pc:Word id="region0005_line0020_word0008">
                    <pc:Coords points="1338,2209 1422,2209 1422,2274 1338,2274"/>
                    <pc:TextEquiv conf="0.913836135864258">
                        <pc:Unicode>be⸗</pc:Unicode>
                    </pc:TextEquiv>
                </pc:Word>
                <pc:TextEquiv conf="0.929580230712891">
                    <pc:Unicode>dem Leſer vor ein Vortheil zuwaͤchſt / ſo be⸗</pc:Unicode>
                </pc:TextEquiv>
            </pc:TextLine>
            <pc:TextLine id="region0005_line0021">
                <pc:Coords points="216,2263 1314,2263 1314,2371 216,2371"/>
                <pc:Word id="region0005_line0021_word0000">
                    <pc:Coords points="216,2263 372,2263 372,2353 216,2353"/>
                    <pc:TextEquiv conf="0.925967864990234">
                        <pc:Unicode>gehre</pc:Unicode>
                    </pc:TextEquiv>
                </pc:Word>
                <pc:Word id="region0005_line0021_word0001">
                    <pc:Coords points="396,2270 464,2270 464,2349 396,2349"/>
                    <pc:TextEquiv conf="0.965186767578125">
                        <pc:Unicode>ich</pc:Unicode>
                    </pc:TextEquiv>
                </pc:Word>
                <pc:Word id="region0005_line0021_word0002">
                    <pc:Coords points="479,2278 617,2278 617,2352 479,2352"/>
                    <pc:TextEquiv conf="0.954020004272461">
                        <pc:Unicode>keine</pc:Unicode>
                    </pc:TextEquiv>
                </pc:Word>
                <pc:Word id="region0005_line0021_word0003">
                    <pc:Coords points="634,2277 1314,2277 1314,2371 634,2371"/>
                    <pc:TextEquiv conf="0.84402702331543">
                        <pc:Unicode>nachzumachen.</pc:Unicode>
                    </pc:TextEquiv>
                </pc:Word>
                <pc:TextEquiv conf="0.922300415039062">
                    <pc:Unicode>gehre ich keine nachzumachen.</pc:Unicode>
                </pc:TextEquiv>
            </pc:TextLine>
            <pc:TextLine id="region0005_line0022">
                <pc:Coords points="219,2349 1418,2349 1418,2453 219,2453"/>
                <pc:Word id="region0005_line0022_word0000">
                    <pc:Coords points="219,2350 460,2350 460,2421 219,2421"/>
                    <pc:TextEquiv conf="0.508311424255371">
                        <pc:Unicode>lll.</pc:Unicode>
                    </pc:TextEquiv>
                </pc:Word>
                <pc:Word id="region0005_line0022_word0001">
                    <pc:Coords points="691,2349 513,2349 513,2453 691,2453"/>
                    <pc:TextEquiv conf="0.905045623779297">
                        <pc:Unicode>Wolte</pc:Unicode>
                    </pc:TextEquiv>
                </pc:Word>
                <pc:Word id="region0005_line0022_word0002">
                    <pc:Coords points="802,2349 718,2349 718,2453 802,2453"/>
                    <pc:TextEquiv conf="0.955216674804688">
                        <pc:Unicode>man</pc:Unicode>
                    </pc:TextEquiv>
                </pc:Word>
                <pc:Word id="region0005_line0022_word0003">
                    <pc:Coords points="859,2368 953,2368 953,2425 859,2425"/>
                    <pc:TextEquiv conf="0.565222129821777">
                        <pc:Unicode>vor</pc:Unicode>
                    </pc:TextEquiv>
                </pc:Word>
                <pc:Word id="region0005_line0022_word0004">
                    <pc:Coords points="971,2355 1167,2355 1167,2452 971,2452"/>
                    <pc:TextEquiv conf="0.565222129821777">
                        <pc:Unicode>wenden</pc:Unicode>
                    </pc:TextEquiv>
                </pc:Word>
                <pc:Word id="region0005_line0022_word0005">
                    <pc:Coords points="1278,2349 1194,2349 1194,2453 1278,2453"/>
                    <pc:TextEquiv conf="0.937920303344727">
                        <pc:Unicode>daß</pc:Unicode>
                    </pc:TextEquiv>
                </pc:Word>
                <pc:Word id="region0005_line0022_word0006">
                    <pc:Coords points="1418,2349 1325,2349 1325,2453 1418,2453"/>
                    <pc:TextEquiv conf="0.967452850341797">
                        <pc:Unicode>der</pc:Unicode>
                    </pc:TextEquiv>
                </pc:Word>
                <pc:TextEquiv conf="0.772055876595633">
                    <pc:Unicode>lll. Wolte man vor wenden daß der</pc:Unicode>
                </pc:TextEquiv>
            </pc:TextLine>
            <pc:TextLine id="region0005_line0023">
                <pc:Coords points="201,2415 1412,2415 1412,2594 201,2594"/>
                <pc:Word id="region0005_line0023_word0000">
                    <pc:Coords points="201,2415 368,2415 368,2515 201,2515"/>
                    <pc:TextEquiv conf="0.669873199462891">
                        <pc:Unicode>Vers</pc:Unicode>
                    </pc:TextEquiv>
                </pc:Word>
                <pc:Word id="region0005_line0023_word0001">
                    <pc:Coords points="390,2422 569,2422 569,2513 390,2513"/>
                    <pc:TextEquiv conf="0.927215805053711">
                        <pc:Unicode>ſolcher</pc:Unicode>
                    </pc:TextEquiv>
                </pc:Word>
                <pc:Word id="region0005_line0023_word0002">
                    <pc:Coords points="582,2429 775,2429 775,2521 582,2521"/>
                    <pc:TextEquiv conf="0.877815704345703">
                        <pc:Unicode>geſtalt</pc:Unicode>
                    </pc:TextEquiv>
                </pc:Word>
                <pc:Word id="region0005_line0023_word0003">
                    <pc:Coords points="786,2445 892,2445 892,2576 786,2576"/>
                    <pc:TextEquiv conf="0.601342506408691">
                        <pc:Unicode>um</pc:Unicode>
                    </pc:TextEquiv>
                </pc:Word>
                <pc:Word id="region0005_line0023_word0004">
                    <pc:Coords points="907,2431 958,2431 958,2519 907,2519"/>
                    <pc:TextEquiv conf="0.675079498291016">
                        <pc:Unicode>ſo</pc:Unicode>
                    </pc:TextEquiv>
                </pc:Word>
                <pc:Word id="region0005_line0023_word0005">
                    <pc:Coords points="970,2430 1074,2430 1074,2505 970,2505"/>
                    <pc:TextEquiv conf="0.933062362670898">
                        <pc:Unicode>viel</pc:Unicode>
                    </pc:TextEquiv>
                </pc:Word>
                <pc:Word id="region0005_line0023_word0006">
                    <pc:Coords points="1093,2428 1229,2428 1229,2524 1093,2524"/>
                    <pc:TextEquiv conf="0.902292251586914">
                        <pc:Unicode>deſto</pc:Unicode>
                    </pc:TextEquiv>
                </pc:Word>
                <pc:Word id="region0005_line0023_word0007">
                    <pc:Coords points="1246,2436 1412,2436 1412,2594 1246,2594"/>
                    <pc:TextEquiv conf="0.155161285400391">
                        <pc:Unicode>Aer</pc:Unicode>
                    </pc:TextEquiv>
                </pc:Word>
                <pc:TextEquiv conf="0.717730326652527">
                    <pc:Unicode>Vers ſolcher geſtalt um ſo viel deſto Aer</pc:Unicode>
                </pc:TextEquiv>
            </pc:TextLine>
            <pc:TextEquiv conf="0.862007984438271">
                <pc:Unicode>ſig / und werde mir nicht die Muͤhe neh⸗
men, dieſelben dem nachfolgenden Reim⸗
Regiſter einzuverleiben. 5
XVI. Was die Verſetzung der Reime be⸗
trifft / ſo haben ſich vor weniger Zeit deute
gefunden / welche den Reim lieber zum An⸗
fange / als zum Ausgange der Zeilen ha⸗
ben gebrauchen wollen. e.
1. Richtet niemals fremde Verſe /
Tichtet lieber etwas beſſers.
2. Kaſt die Tugend ungetadelt /
Saßt hingegen alle Laſter.
3. Kaſter ſind der Seelen Wunden /
Ja ſie bringen gar den Todt:
Pflaſter aber ſind die Spruͤche /
Da uns Ott zur Buſſe kufft. —
„Xl. Nun wil ich zwar dem Erfinder
die Ehre der curiolitaͤt nicht diſpotitlich
machen: Doch weil ich zur Zeit nicht ſehe /
was 0 ſolcher Art dem Schreiber oder
dem Leſer vor ein Vortheil zuwaͤchſt / ſo be⸗
gehre ich keine nachzumachen.
lll. Wolte man vor wenden daß der
Vers ſolcher geſtalt um ſo viel deſto Aer</pc:Unicode>
            </pc:TextEquiv>
        </pc:TextRegion>
        <pc:ImageRegion id="region0006" orientation="-0.931605466112899">
            <pc:Coords points="1673,0 1844,0 1844,2888 1673,2888"/>
        </pc:ImageRegion>
        <pc:SeparatorRegion id="region0003">
            <pc:Coords points="240,277 1456,277 1456,308 240,308"/>
        </pc:SeparatorRegion>
    </pc:Page>
</pc:PcGts>
