1158 1852
450 109 654 111 Geiſlicher
673 119 977 130 Hirken⸗kieder

351 180 495 233 Wannes
502 170 617 228 ſich
627 172 763 225 befindt
772 165 905 217 allein
885 165 905 233 /

351 238 454 287 Und
463 229 522 291 von
545 229 668 291 ſeinem
682 229 765 280 Lieb
781 229 1038 275 verirrtez

281 296 450 347 Allſo
460 293 580 344 aͤchtzet
595 289 658 345 fuͤr
666 292 739 332 und
747 288 817 343 fuͤr

329 350 602 416 IEſumeine
611 346 709 392 Seel
719 346 807 396 nach
824 340 936 402 dir.

297 494 567 560 eine
576 487 981 548 Stunde
745 487 820 560 geht
839 487 981 548 furbey/

280 563 325 592 Daß
455 554 520 611 ich
532 542 626 611 niche
641 542 776 611 gedaͤnk
795 551 835 595 an
1000 542 1004 548 dich/

267 614 470 663 Dyer
479 613 518 663 ja
532 603 627 663 gantz
641 606 738 656 innig
757 603 897 663 ſehrey/
1071 639 1075 647 —

303 728 503 731 IEſu/
511 663 637 724 JEſu
654 661 751 718 daͤnk
766 655 1082 716 anmiche

306 726 438 785 Ach
450 725 512 767 wie
530 717 623 785 lange
641 719 696 774 ſol
708 719 757 770 ich
781 717 866 770 doch
1010 717 1134 735 —

348 783 498 848 Dieſes
508 777 633 843 Elend
641 779 756 824 bauen
762 774 875 834 noch?

385 959 409 987 9
441 931 558 980 Eine
575 881 826 992 Scelediedich
844 922 935 968 ſebe/

220 1024 288 1049 —
356 977 441 1049 Wil
466 977 561 1049 ſonſt
577 987 686 1038 nichts
707 984 757 1033 als
785 977 895 1049 deinen
1113 1001 1147 1021 Kuß

314 1051 464 1108 Vund
474 1043 732 1107 drumb
609 1036 671 1108 bin
685 1036 740 1108 ich
743 1036 1154 1093 ſobeträͤbt/

250 1108 467 1163 Daß
478 1106 528 1156 ich
547 1110 604 1160 den
611 1094 922 1152 entbehren
971 1110 1102 1134 mußz

309 1190 332 1224 Ach
459 1165 520 1215 wie
536 1144 637 1224 lange
662 1156 725 1210 muß
741 1144 795 1224 ieh
924 1148 1013 1208 ſeyn
1126 1143 1127 1147 —

285 1223 449 1282 Ein
460 1223 494 1276 ſo
514 1226 627 1264 armes
649 1207 1158 1261 Taͤubelemn

353 1346 599 1396 Meine
607 1336 758 1404 Seel
717 1336 758 1404 iſt
776 1336 810 1404 ja
829 1336 889 1404 die
878 1336 1140 1385 Braut/

367 1406 512 1457 Die
465 1393 505 1457 du
521 1407 579 1448 dir
589 1399 674 1456 haſt
683 1395 779 1452 ſelbſt
789 1393 1018 1452 erkohrn
1085 1398 1158 1457 /

262 1514 446 1568 Vnd
475 1520 561 1564 dein
570 1515 680 1577 Geiſt
690 1517 756 1569 hat
764 1506 1035 1564 neugebohrn;

464 1570 520 1631 wie
544 1570 596 1631 muß
624 1570 674 1631 ſie
692 1574 723 1628 ſo
937 1570 1016 1590 allein

236 1639 478 1692 Vunnd
491 1637 568 1692 ohn
577 1632 685 1691 ihren
709 1628 876 1692 Braͤutga
1146 1672 1148 1682 —

277 1458 322 1506 Die
454 1460 538 1513 dein
556 1455 658 1519 Vater
686 1459 743 1500 dir
751 1455 944 1510 vertraut
930 1455 948 1519 /
1117 1455 1156 1540 .
