1152 1852
484 100 660 174 —

937 145 1034 159 —

770 166 895 272 83
927 172 1046 287 7

883 498 887 512 1

900 515 908 523 8

416 500 542 620 965
553 519 649 620 zeh⸗
662 562 731 612 dir
742 521 834 623 —
837 531 910 626 die
936 531 1052 625 Seiſt⸗

506 627 637 687 lichen
650 623 1049 689 Bircen⸗KEieder,

496 694 593 742 und
618 693 830 755 liebreiche
859 693 1049 761 Begter⸗

499 755 587 825 den
606 759 679 817 der
700 755 865 819 Bratte
878 760 1069 824 Chriſtt

159 825 290 836 —
458 823 562 888 zu
583 822 723 889 jhrem
736 822 1046 888 Braͤuctgam;

68 891 210 938 mit
225 849 400 945 welhen
411 888 469 943 dez
485 832 574 956 dies
586 892 689 951 nach
707 893 875 943 deinem
886 892 1047 955 Gefal⸗

120 957 193 1006 len
216 955 466 1023 erluſetgen/
475 955 565 1011 und
573 963 620 1014 in
634 960 712 1023 der
725 956 901 1023 Wüſten
921 962 1050 1020 dieſer

120 1019 247 1086 Welc
259 1021 281 1083 /
301 1023 383 1073 als
391 1025 460 1074 ein
484 1023 679 1086 keuſches
679 1019 1049 1078 Turcelcaublein

81 1088 235 1152 nach
247 1088 406 1153 SEſit
409 1089 581 1141 deinem
594 1090 825 1149 Geliebren
840 1092 1069 1153 inniglich

120 1153 216 1205 und
232 1150 408 1222 lieblich
416 1155 614 1216 ſeufftzen
635 1147 798 1226 kanſt.
841 1157 912 1208 Es
932 1156 1048 1208 waͤre

119 1232 205 1275 uns
217 1223 286 1271 ein
299 1217 583 1281 Spoet
467 1217 488 1281 /
500 1217 571 1281 wal
594 1226 683 1275 wer
689 1236 731 1273 es
743 1217 823 1272 uns
837 1222 900 1273 die
909 1223 1050 1274 Welc⸗

121 1286 433 1347 Berliebcen
454 1286 610 1349 welche
620 1301 730 1349 von
728 1287 856 1348 ſhrer
856 1290 1050 1349 ſchnoden

72 1352 212 1404 und
228 1353 405 1416 blinden
414 1355 564 1409 Etebe
567 1351 617 1419 ſo
619 1342 702 1407 ptel
712 1301 866 1419 —
874 1359 974 1413 und
988 1360 1050 1414 ſa⸗

75 1415 234 1482 gen
206 1415 233 1487 /
235 1415 398 1481 wolten
409 1415 547 1487 laſſen
553 1434 690 1486 zbor
697 1415 926 1481 ehun/und
938 1424 1054 1478 utche

108 1482 224 1551 guch
245 1496 395 1536 etwas
396 1497 487 1537 von
504 1479 604 1540 der
613 1480 742 1553 Eiebe
763 1487 909 1559 einſres
920 1488 1051 1573 ſüſſes

110 1551 297 1606 Gocces
296 1546 465 1645 —
473 1548 639 1668 —
622 1558 678 1649 ob
687 1557 811 1651 ztogr
822 1557 899 1610 viel
920 1549 948 1623 ſe
916 1554 1051 1672 ——

785 1637 872 1658 —
