1504 1863
215 247 236 306 ſ.
422 249 500 293 blau
519 253 571 292 von
588 250 657 294 Farbe/
717 253 729 294 d

212 291 239 351 ſt
261 246 565 346 eneseen
602 216 677 332 se
713 206 840 340 ene
888 318 903 341 e
1036 323 1038 325 e
1132 325 1135 339 ha.

216 339 304 384 ben.
321 334 407 392 Sind
424 338 490 378 alſo
510 334 571 392 von
575 337 682 384 GOtt
686 342 782 391 darzu
796 339 876 392 ſonderlich
1087 334 1136 381 gewaffnet

215 377 288 419 und
289 378 648 435 gerüſtet
425 373 437 439 /
447 373 481 439 daß
502 373 541 439 ſie
552 373 591 439 mit
601 373 651 439 ſolc
669 379 782 474 ſe
845 338 1049 439 een.
1041 376 1125 426 Koͤr⸗

214 427 402 468 ner
278 422 314 481 zu
328 427 402 468 malmen
450 431 461 477 /
462 427 534 470 und
540 421 684 539 eed
683 444 740 457 gre
775 428 961 509 aben
965 423 1123 496 anrichten

214 464 387 557 epie
396 504 470 558 5
439 463 521 536 edenn
538 472 614 532 ſolch
677 463 706 491 aſto
750 482 816 512 beſſet
951 517 953 519 —
1080 474 1106 518 di

212 558 300 601 indem
317 558 364 599 die
409 521 576 607 Peiegſh
580 532 664 613 durc
741 572 859 613 Schlu
885 534 942 601 dn
944 535 1040 603 alpen
1048 532 1124 598 wel⸗

212 596 389 661 ten/langen
408 597 473 648 Dae
557 647 561 653 let
587 604 634 646 /ſo
652 595 709 676 mel
727 636 738 659 er
794 610 835 650 Gle
832 598 1128 711 —

568 660 806 695 inceſtinumrsct⸗
1045 660 1129 698 Vn

310 730 389 782 7.
403 722 512 781 Die
474 722 509 782 ſo
525 736 638 781 genann

210 720 733 987 —
731 785 732 788 S

209 814 368 862 beſindet
355 817 438 863 ſichs
433 814 505 866 etwas
523 827 596 862 and

209 866 253 901 er
269 826 443 915 gicngen
519 907 547 914 m

206 914 245 955 grün
295 906 451 948 eyn
364 906 380 955 /
393 906 419 955 de
529 912 534 916 meiſten
567 916 595 951 ab

209 949 274 994 licht
290 952 293 990 /
300 948 466 996 ſchwartzlicht
540 955 550 972 FE.

210 987 284 1057 mus
290 992 428 1068 mnie
434 998 488 1028 Dn.
496 969 585 1046 oltt

973 1138 1062 1216 ſhlet
1064 1078 1118 1205 2

305 1132 449 1214 ee
560 1074 640 1207 ⸗
656 1118 728 1190 Si
819 1190 885 1208 nihnen
936 1165 954 1212 g

210 1202 280 1250 ben
293 1200 344 1246 daß
362 1200 418 1246 alſo
431 1204 473 1244 die
476 1192 700 1257 Heuſchrecken
701 1204 758 1251 ein
763 1169 812 1257 ſö.
846 1211 913 1251 e

208 1250 279 1300 ren/
296 1250 422 1305 welches
431 1260 513 1305 aus
537 1260 638 1305 Leuten
644 1250 756 1300 von
727 1250 756 1305 u
1031 1258 1118 1294 onen

208 1299 305 1339 und
321 1291 552 1339 Lbererenbeſtehet.
668 1291 748 1339 Doch
759 1291 784 1313 ſe

209 1333 368 1380 meineſten
400 1336 491 1379 arben
503 1319 532 1367 g
607 1378 612 1385 .

208 1378 312 1424 cheam
328 1378 466 1423 Haupte/
485 1378 573 1432 Bruſt
569 1384 634 1432 und
642 1391 674 1422 4e
693 1378 744 1429 be
771 1399 800 1426 gelb.

206 1421 380 1516 Fenoſß.
392 1423 483 1502 e⸗
482 1429 570 1510 (ett
573 1389 638 1488 om.
656 1467 678 1511 .
740 1376 892 1514 684
813 1438 816 1441 —

251 1478 312 1508 wartz
382 1472 530 1507 braunlicht
675 1472 755 1510 gvon
795 1472 866 1505 hetnach
913 1472 960 1512 ein

207 1474 456 1566 Berzigerſind
470 1514 520 1557 bey
533 1524 550 1559 o
599 1476 713 1553 1
718 1508 853 1554 uͤberein/
869 1510 908 1556 ner
887 1406 1031 1565 .
996 1419 1117 1556 —

207 1557 272 1631 ſns
301 1558 360 1606 et
389 1521 565 1610 duntaſe
588 1520 672 1604 Vodur
696 1516 808 1612 dunckl
824 1563 863 1596 ge
821 1559 886 1604 gelb
923 1554 958 1638 .
949 1557 1123 1658 Jſſe
