1504 1863
212 555 345 592 Das
359 551 660 604 walte
478 551 530 606 der
553 551 657 604 groſſe
690 595 721 602 unt
880 576 1016 606 GOtt/

221 606 398 643 zwar
409 599 568 642 vielerley
576 600 676 648 Heer
681 597 760 650 hat/
771 609 799 649 ſo
843 647 846 649 Er
866 597 1117 650 ausſender/

293 645 359 670 uns
379 639 453 694 uͤmb
520 643 609 677 unſerer
636 639 752 694 Sünde
773 639 884 694 willen
904 639 1110 694 heimzuſu⸗

248 722 484 769 hertzigkeit
505 724 563 768 ſein
585 722 724 778 Abſehen
745 722 842 778 dahin
857 722 1003 778 richtet/
1022 727 1112 758 uns

298 775 359 811 zur
371 767 514 815 wahren
524 768 627 820 Buſſe
627 778 679 941 .
692 767 899 819 locken;
848 767 912 827 wie
912 769 976 811 Er
986 775 1111 810 denn

298 813 361 854 der
381 808 622 863 Bußſertigen
666 812 797 869 Hertzen
820 821 841 852 ihr
857 812 973 856 Gebet
986 818 1075 860 nicht

296 855 465 941 n
490 852 634 948 Te⸗—.
651 854 716 914 eine
727 859 825 946 —
984 871 1101 909 wen⸗

259 906 409 935 det!
461 907 562 948 Seinem
620 909 749 950 heiligen
776 911 958 943 Nahmen
921 906 984 950 ſey
1056 918 1084 947 Ehr

237 949 282 957 Vynd
372 935 434 1004 Lob
452 951 458 980 /
476 935 532 1004 von
549 935 598 1004 nun
616 951 647 987 un
658 956 667 985 /
683 935 726 1004 diß
744 935 775 1004 in
792 935 938 1004 Ewigkei
948 905 1084 996 2e7

334 1033 430 1069 85
445 1026 581 1122 ern.
595 1035 808 1088 Allerhochſten
819 1034 970 1080 gefallen/
984 1038 1025 1071 im
1042 1035 1117 1072 Mo⸗

401 1076 436 1083 at
651 1076 710 1117 eſts
719 1077 888 1114 lauffenden
899 1080 949 1118 1693.
968 1078 1117 1118 Jahres
1101 1076 1117 1118 /

541 1126 565 1162 n
622 1152 627 1163 un
668 1076 885 1198 Sieſennis
918 1076 1122 1198 Henseee⸗

508 1152 649 1198 ſüchen.
661 1157 762 1192 Weiln
790 1159 854 1195 denn
868 1152 972 1207 ſolches
981 1162 1023 1195 ein
1032 1166 1116 1207 gantz

543 1199 648 1249 nliches
658 1199 779 1246 Werck
792 1198 932 1245 GOttes
950 1201 1003 1244 iſt
1001 1198 1012 1249 /
1013 1208 1115 1243 davon

230 1261 259 1285 n
356 1243 466 1285 Snicht
479 1244 568 1292 allein
583 1246 724 1283 iederman
738 1243 960 1292 redet/ſondern
971 1249 1048 1291 auch
1054 1253 1117 1289 von

210 1291 303 1325 vielen
322 1290 361 1320 ein
365 1287 624 1331 ungegründeter
654 1285 819 1367 .
848 1291 1033 1299 er/hingegen
1048 1295 1117 1339 aber

211 1338 274 1366 von
287 1331 623 1380 andern
413 1329 497 1383 einen
517 1329 709 1382 gruͤndlichen
769 1331 827 1374 Nachricht
894 1329 926 1383 zu
926 1333 1115 1383 haben
1033 1329 1050 1383 /
1059 1329 1115 1383 ver⸗

212 1375 314 1417 langet
324 1374 418 1416 wird;
435 1371 588 1427 hiernechſt
598 1371 669 1427 auich
680 1374 752 1416 dieſe
758 1371 906 1427 Geſchicht
917 1382 1002 1425 wohl
1013 1385 1114 1425 wehrt

202 1418 260 1459 iſt/
268 1415 324 1458 daß
335 1415 371 1469 ſie
373 1415 477 1469 fleißig
496 1418 919 1463 erforſchet
671 1415 726 1469 und
742 1418 919 1463 beſchrieben
933 1430 1046 1464 werde
1039 1415 1051 1469 /
1055 1431 1113 1467 das

212 1460 399 1511 Gedachtnis
414 1463 463 1510 der
480 1459 628 1515 goͤttuchen
656 1459 768 1515 Wunder
788 1471 825 1507 zu
835 1467 1051 1515 erhalten
970 1459 987 1515 /
1002 1459 1051 1515 und
1062 1476 1113 1511 da⸗

212 1509 278 1541 mit
289 1505 366 1549 nicht
384 1512 445 1542 nur
464 1505 723 1554 denen
587 1505 620 1560 ſs
635 1505 718 1554 anizo
730 1506 963 1557 leben
825 1505 837 1560 /
847 1506 956 1557 ſondern
975 1516 1049 1560 aucch
1062 1521 1113 1556 der

197 1548 375 1594 Machwelt
381 1558 418 1595 zu
424 1552 544 1598 dienen;
554 1543 774 1639 Zuglachauch
780 1556 822 1593 die
828 1555 1115 1643 Meegen

739 1610 754 1631 4
1072 1609 1115 1644 ot⸗
