1553 2607
251 148 371 210 4
406 117 661 217 Zerrnhute
685 121 736 213 ey
752 121 794 181 in
810 126 929 192 ihrer
960 117 1227 217 Schalkheie.
1280 126 1300 159 .

275 233 396 290 deſen
423 228 648 289 Verfahren
668 230 717 277 in
725 229 1047 289 Penſilvgnien,
1057 223 1417 302 Beweisgrunde

228 389 378 395 men,
399 350 562 423 dienlich
581 350 724 423 findet.
750 350 810 423 Das
847 350 895 423 iſt
904 355 967 403 die
976 353 1237 423 eꝛſtellꝛſache
1250 358 1405 408 meines

283 422 448 484 jetzigen
460 417 790 486 Vorhabens.
800 416 907 480 Die
919 421 1070 467 andere
1084 417 1254 481 beſtehet
1265 422 1403 469 darin⸗

276 495 386 537 nen,
402 481 475 537 daß
497 478 900 539 verſchiedenes
832 473 900 539 von
923 484 1001 539 den
1024 473 1399 539 Penſolvaniſchen

283 614 368 665 den
394 607 499 672 *)
523 604 672 672 Druck
688 600 887 670 gegeben
904 603 1002 664 iſt.
1026 605 1110 669 Da
1134 607 1221 657 nun
1240 603 1410 734 Bmze.

380 801 650 863 mittheilet,
667 802 816 862 welche
827 809 870 851 er
881 813 958 852 vor
977 805 1071 853 dem
1090 803 1358 873 Gouverneur
1368 808 1410 857 in

390 866 735 933 Penſylvanien
794 866 989 926 gehalten
1040 866 1176 933 haben
1224 872 1341 927 will,
1377 869 1408 933 f.

354 994 453 1055 “)
472 995 573 1046 Der
585 992 704 1046 Titel
723 988 848 1055 dieſer
864 982 1052 1052 Schrift
1071 989 1219 1054 heiſet:
1237 993 1453 996 autbenti.

301 1056 516 1117 ſche
525 1055 752 1107 Relation
763 1065 859 1116 von
871 1055 974 1104 dem
988 1049 1414 1120 Anlaß
1155 1049 1171 1120 /
1186 1049 1401 1120 Sortgang
1444 1060 1445 1107 /

341 1121 520 1172 und
538 1116 756 1178 Schluſſe
778 1120 855 1168 der
872 1129 952 1167 am
980 1131 1017 1170 1.
1038 1122 1136 1178 und
1156 1134 1208 1179 2.
1220 1119 1414 1184 Januar.

426 1188 559 1240 1742
578 1183 627 1233 in
646 1183 996 1240 Germant
902 1179 977 1248 own
1017 1179 1285 1248 gehaltenen
1303 1184 1414 1238 Ver⸗

412 1244 641 1309 ſamlung
651 1258 704 1303 ꝛc.
724 1257 778 1292 ꝛc.
796 1234 1192 1310 Philadelphia/
1199 1246 1412 1315 gedruckt

438 1367 588 1430 dieſem
608 1368 806 1430 Titel
752 1365 824 1435 iſt
822 1370 892 1432 die
925 1365 1203 1434 Nachricht
1217 1366 1313 1435 von
1339 1367 1474 1421 der

428 1443 629 1495 zweyten
638 1430 980 1493 Verſamlung
956 1430 975 1497 /
1000 1433 1043 1481 in
1054 1432 1275 1497 demſelben
1296 1432 1413 1493 Jahr

426 1498 517 1545 ans
530 1494 639 1552 Licht
653 1502 870 1561 getreten,
886 1500 973 1544 und
998 1493 1038 1551 ſo
1057 1494 1164 1553 auch
1182 1492 1249 1554 die
1257 1493 1414 1555 uͤbrige.

401 1552 564 1622 Auſer
582 1556 671 1615 daß
687 1555 788 1615 dieſe
799 1554 1101 1617 Verſamlung
1114 1559 1196 1617 eine
1222 1552 1418 1622 General⸗

430 1618 739 1685 Verſamlung
765 1618 847 1679 auf
861 1624 954 1669 dem
976 1620 1132 1671 vierten
1145 1619 1344 1676 Titelblat
1357 1633 1419 1678 ge⸗

320 1691 584 1745 nennet
604 1682 731 1746 wird,
748 1688 833 1733 und
851 1680 932 1745 auf
948 1687 1041 1745 dem
1052 1683 1249 1750 Funfren
1261 1682 1521 1744 ſchlech⸗

349 1745 657 1810 terdings,
676 1746 765 1809 eine
784 1745 1095 1811 Verſamlung
1121 1750 1200 1808 der
1236 1749 1529 1809 Gemeine

355 1807 875 1872 Gqttes
655 1807 710 1872 im
740 1807 875 1872 Geiſt.
922 1807 991 1872 Die
1026 1809 1208 1870 ſiebende
1251 1807 1420 1870 Verſam⸗

298 1872 534 1930 lung
558 1870 658 1921 aber,
669 1869 936 1932 heiſet
883 1869 966 1937 ein
968 1873 1501 1937 General⸗Synodus

272 1935 512 1998 der
542 1934 763 1995 Gemeine
782 1935 990 1995 GOttes
1003 1937 1075 1995 im
1089 1934 1245 2000 Geiſt.
1277 1936 1462 1993 Alles

379 1994 671 2067 zuſammen
693 1993 862 2057 beſtehet
894 2003 962 2060 aus
990 2008 1089 2047 120.
1113 1993 1264 2067 Seiten
1286 2000 1331 2050 in
1340 2005 1465 2058 4te.

467 2057 589 2132 Ich
617 2057 701 2128 ſehe
725 2068 841 2119 zwar
873 2067 959 2111 aus
987 2063 1150 2123 einigen
1186 2066 1447 2122 anderswe
1496 2064 1547 2078 it

348 2119 713 2188 angefuͤhrten
742 2122 1058 2186 Stellen,
986 2119 1069 2193 daß
1090 2129 1163 2178 der
1197 2122 1419 2193 Zeitungs⸗

382 2196 416 2201 8
654 2229 656 2233 1
1198 2185 1438 2247 Schrei⸗

260 302 363 348 des
381 292 701 360 Rreutzreichs
713 304 726 346 /
747 295 794 342 in
814 290 945 349 ſeiner
958 289 1201 351 Unſchuld
1212 305 1233 344 /
1250 305 1296 352 zu
1309 290 1455 355 neh⸗

247 549 249 551 Haͤndeln
516 545 590 609 und
609 537 702 609 zwar
729 537 863 609 ſelbſt
883 537 945 589 von
976 540 1091 601 deren
1123 541 1337 599 Urhebern,
1365 546 1405 595 in
1444 537 1553 602 16

339 1310 524 1363 und
538 1320 591 1366 zu
611 1308 746 1368 haben
774 1306 846 1367 bey
880 1307 902 1357 B
914 1298 1312 1366 Fraͤncklin
1322 1305 1500 1357 Untereben
1549 1274 1553 1297 1
