1736 2362
159 1390 286 1450 Damit
308 1390 365 1433 des
371 1394 514 1447 Bapſts
521 1396 614 1447 reych
623 1396 721 1450 wuͤrd
729 1399 850 1449 geacht

160 1445 273 1496 Muſt
280 1447 351 1498 ehꝛs
358 1448 556 1498 angreyffen
565 1460 630 1500 gar
639 1453 702 1491 mit
709 1453 826 1501 macht

159 1497 227 1556 Sil
244 1499 351 1552 herꝛen
363 1502 432 1542 vnd
438 1499 551 1551 knecht
558 1502 684 1555 muͤſt
668 1497 703 1556 er
707 1505 841 1556 machen

158 1549 237 1599 Die
244 1551 315 1598 nuͤtz
324 1563 441 1595 waren
449 1555 489 1598 zů
497 1555 614 1607 ſeynen
624 1557 828 1606 ſachen

156 1604 229 1646 Als
239 1603 407 1647 Cardinel
414 1610 485 1647 vnd
493 1612 617 1649 andere
626 1612 716 1662 mehꝛ

155 1655 221 1717 Der
238 1659 387 1710 gleychen
411 1660 553 1712 folgt
506 1655 554 1717 ein
562 1662 686 1714 groſſes
694 1665 767 1717 heer

156 1708 233 1756 Die
242 1710 369 1763 ſeckt
375 1721 421 1759 gantz
439 1716 503 1768 roth
512 1715 758 1767 gekleydet
778 1752 781 1757 war

147 1763 220 1821 An
229 1768 288 1807 der
296 1766 388 1821 haud
401 1777 478 1818 was
488 1768 652 1822 nicht
597 1763 649 1824 gut
660 1781 722 1824 eyn
731 1772 812 1824 har.

901 1400 1026 1462 Damit
1048 1405 1106 1445 der
1124 1406 1230 1458 Bapſt
1246 1407 1352 1457 moͤcht
1369 1407 1472 1460 krigen
1576 1412 1579 1418 gelt

908 1456 1012 1505 Teylt
1020 1458 1070 1509 ehꝛ
1078 1457 1153 1509 ſeyn
1162 1459 1324 1509 glieder
1290 1456 1321 1509 in
1333 1462 1383 1502 die
1391 1465 1467 1504 welt

916 1505 1047 1558 Durch
1060 1521 1106 1561 gut
1130 1505 1243 1572 geſtalt
1250 1515 1321 1554 vnd
1336 1514 1470 1566 früſien
1480 1517 1599 1572 ſcheyn

908 1562 1057 1612 Welchs
1067 1564 1142 1615 ſeyn
1157 1562 1336 1624 fiſchhame
1353 1569 1452 1620 muſte
1564 1569 1587 1620 ſeennn

910 1612 1074 1667 Gekleydt
1081 1626 1157 1658 war
1165 1621 1221 1658 der
1229 1619 1326 1660 oꝛden
1335 1629 1431 1671 gantz
1441 1621 1537 1678 weyß

907 1667 1011 1718 Auch
1025 1677 1132 1721 petten
1142 1671 1205 1724 ſehꝛ
1215 1673 1277 1714 mit
1284 1673 1386 1715 allem
1396 1673 1595 1728 fleys

907 1720 1015 1772 Froſi
1021 1722 1250 1775 Vatriarchen
1259 1728 1402 1768 woltens
1410 1729 1551 1780 ſen

913 1771 997 1825 Der
1003 1776 1082 1828 ſach
1095 1776 1139 1829 ſte
1146 1779 1255 1831 gaben
1264 1780 1400 1835 nur
1347 1771 1396 1836 eyn
1411 1782 1535 1836 ſcheyn
