3068 4660
262 296 617 367 negirend
684 312 873 365 gegen
942 295 1029 349 sie
1096 294 1352 350 verhält.
1449 294 1561 349 Die
1634 294 2080 350 sozialistische
2133 295 2540 354 Gesellschaft
2599 298 2798 355 dürfte

261 387 637 456 demgemäss
685 385 799 439 alle
852 382 1062 437 bisher
1109 382 1469 451 gewohnten
1521 382 1643 437 und
1677 381 2021 452 gepflegten
2056 384 2485 455 Beziehungen
2536 405 2607 443 zu
2658 389 2800 443 reli-

261 476 476 545 giösen
529 471 1038 542 Organisationen
1092 468 1333 527 einfach
1383 471 1575 540 lösen,
1630 471 1750 526 und
1801 471 1898 526 die
1931 471 2217 542 Religion
2268 489 2375 527 zur
2404 473 2798 532 Privatsache

263 563 542 619 erklären
594 561 713 615 und
764 557 872 614 auf
915 558 1048 614 ihre
1085 559 1341 629 eigenen
1376 560 1565 615 Füsse
1603 559 1839 615 stellen.
1934 560 2081 639 Dies
2118 560 2472 617 bedeutete:
2523 563 2799 621 absolute

237 652 592 717 Trennung
641 648 745 702 des
797 648 996 703 Staats
1060 648 1182 703 und
1240 648 1349 703 der
1399 649 1726 704 Commune
1775 637 1902 702 von
1965 648 2072 704 der
2119 649 2374 717 Kirche,
2443 650 2567 706 und
2613 638 2801 708 Tren-

264 756 432 809 nung
482 738 588 793 der
634 736 861 792 Kirche
910 752 1028 791 von
1080 736 1188 791 der
1238 736 1504 802 Schule;
1563 736 1954 807 Entziehung
2004 737 2180 805 jeder
2228 738 2607 794 materiellen
2658 739 2805 797 oder

260 827 565 899 geistigen
599 824 1088 895 Unterstützung
1121 841 1229 880 aus
1256 825 1506 880 Mitteln
1542 826 1661 881 und
1685 824 2107 896 Hülfsquellen
2145 826 2247 881 des
2285 827 2805 896 Gemeinwesens;

260 914 662 983 Beseitigung
708 913 857 968 alles
909 913 1126 968 dessen
1176 930 1282 968 aus
1333 914 1466 969 dem
1518 913 1909 981 Unterricht,
1961 931 2077 970 was
2128 915 2239 970 mit
2287 915 2386 969 ihr
2434 916 2497 970 in
2547 916 2805 972 Verbin-

261 1005 425 1073 dung
475 1002 596 1057 und
644 1002 997 1071 Beziehung
1047 1002 1232 1057 steht.
1327 1002 1449 1058 Das
1501 1002 2070 1072 Grundeigenthum
2122 1003 2230 1058 der
2276 1004 2546 1060 Kirchen
2582 1005 2828 1073 würde,

260 1094 371 1147 wie
420 1091 568 1147 alles
620 1090 1222 1160 Grundeigenthum,
1293 1091 1659 1161 Gemeingut
1724 1090 1847 1145 und
1918 1096 2070 1147 wäre
2131 1092 2244 1146 den
2299 1093 2671 1149 Communen
2732 1110 2804 1149 zu

260 1177 734 1251 überweisen*),
804 1179 904 1234 ihr
952 1179 1153 1235 Silber
1201 1179 1323 1234 und
1376 1178 1533 1235 Gold
1582 1179 1703 1234 und
1754 1179 1887 1235 ihre
1940 1180 2204 1236 Geräthe
2264 1187 2437 1250 möge
2501 1183 2586 1237 sie
2648 1182 2803 1238 nach

257 1268 550 1326 Belieben
599 1269 990 1336 verwenden,
1045 1283 1109 1323 so
1161 1276 1269 1337 gut
1317 1268 1428 1323 wie
1470 1266 1647 1337 jeder
1679 1268 2072 1325 Privatmann
2124 1269 2274 1325 über
2318 1271 2447 1326 sein
2486 1270 2642 1326 Gold
2679 1271 2801 1326 und

261 1358 463 1414 Silber
511 1357 657 1412 oder
706 1357 917 1412 seinen
967 1356 1274 1412 Hausrath
1331 1353 1620 1426 verfügen
1679 1356 1859 1412 kann.
1937 1358 2040 1412 Im
2093 1357 2347 1427 übrigen
2399 1356 2640 1415 dürften
2704 1359 2802 1415 die

257 1446 530 1503 Kirchen
590 1445 704 1500 den
766 1445 1136 1515 Gläubigen,
1210 1445 1320 1501 wie
1384 1444 1562 1513 jeder
1626 1446 1857 1502 andern
1905 1447 2323 1516 Vereinigunng
2389 1464 2506 1502 von
2569 1449 2806 1504 Staats-

259 1536 559 1605 bürgern,
621 1551 692 1588 zu
743 1534 920 1590 ihren
969 1534 1513 1603 Versammlungen
1562 1550 1671 1589 zur
1716 1532 2069 1605 Verfügung
2120 1535 2353 1591 stehen.
2449 1536 2564 1592 Die
2617 1537 2805 1593 Gläu-

260 1624 442 1694 bigen
492 1622 732 1678 werden
782 1616 947 1678 wohl
988 1623 1122 1678 ihre
1171 1623 1546 1692 Meinungen
1595 1639 1788 1693 gegen
1839 1622 1935 1679 die
1984 1625 2358 1694 Meinungen
2412 1625 2520 1681 der
2553 1626 2800 1681 Andern

259 1714 321 1768 in
371 1708 592 1781 Kampf
636 1710 897 1782 bringen
948 1712 1069 1766 und
1122 1712 1208 1767 sie
1260 1716 1477 1780 mögen
1529 1711 1714 1767 sehen
1767 1712 1876 1767 wie
1912 1712 2053 1767 weit
2089 1713 2173 1768 sie
2224 1712 2622 1786 kommen**).
2694 1714 2802 1769 Ich

258 1800 478 1871 glaube
528 1799 763 1869 indess,
833 1801 931 1857 die
998 1801 1259 1855 meisten
1328 1798 1499 1855 ihrer
1544 1799 1773 1856 Diener
1830 1800 2069 1856 werden
2128 1800 2269 1856 bald
2318 1802 2641 1870 einsehen,
2695 1803 2805 1857 wie

258 1890 456 1960 wenig
502 1888 735 1959 würdig
784 1889 881 1945 die
930 1889 1105 1945 Rolle
1156 1888 1269 1957 ist,
1323 1887 1419 1944 die
1471 1889 1559 1944 sie
1609 1889 1671 1944 in
1724 1889 1896 1945 einer
1942 1887 2048 1944 auf
2092 1889 2309 1946 Arbeit
2358 1891 2478 1945 und
2528 1890 2804 1946 Wissen-

401 2063 452 2125 *)
492 2060 620 2110 Man
660 2057 787 2109 darf
820 2057 1104 2110 vielleicht
1143 2057 1351 2120 hoffen,
1393 2056 1516 2108 dass
1545 2057 1633 2109 die
1660 2059 1888 2119 Kirche,
1927 2074 2083 2110 wenn
2124 2075 2178 2110 es
2217 2059 2335 2110 sich
2375 2058 2575 2110 einmal
2617 2058 2808 2110 darum

261 2131 506 2192 handelt,
547 2129 655 2182 den
686 2129 1118 2182 Communismus
1157 2129 1513 2194 praktisch
1555 2129 1931 2191 einzuführen,
1973 2131 2364 2196 umsoweniger
2400 2130 2519 2181 sich
2558 2129 2804 2195 dagegen

258 2202 492 2265 sträubt,
531 2201 612 2252 als
651 2200 832 2251 dieser
852 2199 1476 2252 Gesellschaftszustand
1517 2200 1888 2252 thatsächlich
1927 2201 2314 2252 wesentlichen
2343 2201 2808 2252 Glaubenssätzen

261 2274 356 2326 des
381 2273 573 2325 Neuen
600 2272 945 2323 Testaments
985 2271 1292 2337 entspricht
1339 2270 1452 2321 und
1493 2287 1594 2322 von
1635 2270 1741 2322 den
1779 2271 2306 2337 hervorragendsten
2346 2272 2809 2324 Kirchenlehrern

261 2345 345 2397 als
383 2343 481 2395 der
517 2342 685 2394 allein
732 2342 968 2407 richtige
1005 2340 1616 2393 Menschheitszustand
1673 2342 1983 2393 anerkannt
2037 2342 2238 2394 wurde.
2312 2343 2392 2394 Zu
2450 2342 2556 2394 den
2604 2343 2809 2394 bereits

261 2416 487 2467 citirten
524 2414 912 2478 Aussprüchen
951 2420 1143 2479 mögen
1182 2413 1322 2463 noch
1364 2412 1542 2477 einige
1588 2411 1795 2477 folgen:

402 2486 650 2549 Gregor
687 2483 803 2535 der
842 2484 1106 2536 Grosse:
1146 2483 1222 2535 Es
1260 2483 1332 2534 ist
1371 2485 1513 2534 noch
1552 2484 1705 2534 nicht
1744 2499 1938 2549 genug,
1978 2483 2074 2534 das
2114 2484 2221 2535 Gut
2260 2483 2510 2535 Anderer
2549 2485 2702 2535 nicht
2742 2501 2809 2535 zu

259 2557 495 2622 rauben;
537 2553 831 2620 vergebens
869 2555 1106 2620 glauben
1143 2555 1305 2616 Jene,
1345 2554 1423 2605 sie
1470 2554 1621 2606 seien
1670 2554 2024 2620 unschuldig,
2072 2555 2277 2606 welche
2327 2555 2416 2606 die
2466 2555 2662 2617 Güter,
2704 2554 2811 2606 die

261 2630 421 2680 Gott
458 2626 654 2678 Allen
693 2627 1091 2692 gemeinsam
1131 2624 1427 2690 gegeben
1466 2626 1604 2687 hat,
1645 2626 1761 2677 sich
1800 2626 1969 2677 selbst
2008 2627 2299 2690 zueignen;
2365 2625 2549 2677 indem
2587 2627 2665 2677 sie
2705 2625 2811 2677 den

257 2698 485 2750 Andern
522 2697 678 2748 nicht
714 2698 915 2762 geben,
962 2712 1068 2749 was
1107 2698 1184 2748 sie
1226 2695 1477 2748 erhalten
1516 2696 1720 2759 haben,
1771 2696 2032 2748 werden
2083 2697 2177 2748 sie
2217 2714 2293 2747 zu
2330 2696 2642 2748 Mördern
2682 2696 2812 2747 und

261 2768 828 2833 Todtschlägern.

402 2840 587 2905 Gegen
633 2838 782 2890 diese
820 2838 1210 2904 Kraftsprache
1267 2837 1338 2889 ist
1398 2837 1493 2888 das
1533 2838 2135 2891 Condorcet-Brissot'
2184 2838 2295 2889 und
2334 2837 2810 2889 Proudhon'sche:

265 2911 633 2976 „Eigenthum
671 2911 742 2961 ist
779 2909 1110 2961 Diebstahl“
1170 2908 1553 2974 zimperliches
1594 2909 1879 2961 Geflüster.
1956 2911 2086 2962 Fast
2144 2911 2285 2960 noch
2340 2908 2532 2960 wilder
2594 2909 2811 2974 spricht

261 2983 514 3047 Gregor
553 2997 671 3032 von
711 2981 1068 3032 Nanzianz.
1142 2979 1221 3030 Er
1258 2987 1401 3044 sagt:
1463 2980 1579 3043 „Es
1627 2986 1767 3031 wäre
1815 2981 1999 3032 besser
2048 2980 2158 3033 und
2208 2982 2495 3045 gerechter
2543 2995 2809 3047 gewesen,

261 3053 333 3104 da
368 3053 465 3103 wir
494 3058 554 3115 ja
590 3052 715 3104 Alle
742 3051 988 3113 Brüder,
1046 3050 1221 3101 durch
1270 3049 1358 3101 die
1397 3050 1586 3102 Bande
1635 3050 1729 3102 des
1768 3051 1927 3103 Bluts
1976 3051 2085 3102 und
2138 3051 2236 3103 der
2273 3052 2451 3103 Natur
2490 3049 2809 3102 verbunden

260 3123 411 3185 sind,
450 3135 606 3174 wenn
643 3122 740 3173 wir
775 3122 928 3174 Alles
967 3128 1130 3174 unter
1154 3120 1279 3172 Alle
1319 3120 1498 3186 gleich
1538 3122 1799 3173 vertheilt
1826 3123 2039 3174 hätten.
2115 3122 2293 3173 Wenn
2320 3122 2491 3173 Einer
2529 3122 2645 3173 sich
2684 3136 2808 3171 zum

260 3195 439 3245 Herrn
478 3194 612 3245 über
658 3193 793 3245 alles
832 3193 942 3245 Gut
991 3191 1229 3243 erheben
1277 3192 1413 3252 will,
1470 3192 1623 3243 Alles
1680 3193 1859 3257 einzig
1914 3193 2158 3245 besitzen
2217 3193 2433 3244 möchte
2490 3192 2601 3243 und
2657 3191 2810 3243 seine

260 3264 473 3316 Brüder
508 3280 628 3316 vom
666 3263 876 3316 dritten
915 3263 1047 3315 oder
1085 3264 1294 3314 vierten
1323 3262 1483 3314 Theil
1523 3264 1901 3326 ausschliesst,
1942 3279 1999 3315 so
2040 3265 2110 3315 ist
2137 3264 2316 3315 dieser
2342 3263 2412 3314 da
2437 3263 2568 3314 kein
2593 3261 2811 3314 Bruder

259 3336 441 3397 mehr,
498 3335 732 3387 sondern
791 3335 879 3387 ein
938 3334 1538 3385 unmenschlicher
1576 3335 1869 3400 Tyrann,
1928 3335 2032 3385 ein
2090 3349 2475 3400 grausamer
2513 3332 2806 3392 Barbar,

262 3405 396 3457 oder
431 3405 695 3457 vielmehr
733 3406 837 3458 ein
875 3404 1108 3456 wildes
1149 3405 1376 3466 Thier,
1428 3403 1627 3466 dessen
1664 3405 1891 3456 Rachen
1939 3405 2130 3457 immer
2180 3406 2521 3470 aufgesperrt
2557 3403 2653 3465 ist,
2713 3418 2803 3453 um

264 3476 445 3541 einzig
481 3475 590 3526 und
631 3476 798 3527 allein
840 3476 947 3527 die
984 3477 1306 3540 Nahrung
1341 3475 1603 3527 Andrer
1639 3492 1706 3526 zu
1745 3477 2059 3528 verzehren.

405 3548 483 3599 St.
510 3548 870 3610 Augustin:
913 3547 1057 3610 „Der
1082 3544 1399 3598 Ueberfluss
1426 3545 1525 3596 der
1548 3546 1794 3597 Reichen
1821 3547 1892 3598 ist
1919 3546 2017 3598 das
2042 3545 2434 3610 Nothwendige
2461 3544 2558 3596 der
2582 3547 2805 3595 Armen.

262 3618 390 3669 Man
429 3618 627 3669 besitzt
668 3616 763 3668 das
800 3617 1136 3681 Eigenthum
1174 3616 1446 3678 Anderer,
1486 3632 1639 3668 wenn
1677 3633 1803 3668 man
1844 3612 2275 3681 Ueberflüssiges
2312 3616 2526 3666 besitzt.

406 3688 492 3753 **)
532 3688 711 3739 Wenn
769 3686 858 3737 die
908 3702 1046 3738 neue
1087 3687 1451 3754 Gesellschaft
1501 3686 1589 3738 die
1638 3688 2131 3740 vorbezeichneten
2175 3687 2508 3751 Massregeln
2563 3686 2805 3750 ergreift,

262 3758 396 3810 wird
421 3758 588 3812 Jeder
615 3758 889 3820 einsehen,
930 3756 1052 3808 dass
1080 3758 1202 3808 dem
1231 3758 1580 3809 Sozialismus
1620 3759 1802 3809 nichts
1841 3761 2025 3810 ferner
2047 3758 2229 3822 liegen
2255 3756 2418 3807 kann.
2448 3756 2528 3807 als
2555 3757 2810 3822 religiöse

263 3829 769 3894 Ueberzeugungen
807 3829 905 3879 mit
942 3827 1322 3892 gewaltsamen
1350 3829 1571 3879 Mitteln
1609 3846 1679 3879 zu
1717 3828 2062 3895 bekämpfen.
2119 3828 2222 3879 Die
2250 3826 2642 3889 Redensarten,
2682 3827 2807 3879 wie:

263 3901 353 3952 die
393 3899 916 3952 Sozialdemokratie
974 3898 1081 3948 will
1140 3897 1246 3949 den
1284 3900 1579 3962 Menschen
1628 3900 1786 3950 ihren
1827 3899 1956 3951 Gott
2004 3912 2101 3949 aus
2154 3897 2273 3949 dem
2317 3899 2527 3949 Herzen
2585 3899 2809 3959 reissen,

263 3972 421 4024 oder:
461 3972 539 4022 sie
566 3971 675 4021 will
703 3970 791 4021 die
817 3970 1070 4033 Religion
1100 3969 1497 4031 „abschaffen“,
1525 3970 1645 4020 sind
1672 3969 2066 4030 Redensarten,
2097 3968 2363 4019 erfunden
2392 3985 2493 4020 von
2522 3968 2810 4021 Schurken

264 4042 397 4093 oder
433 4043 717 4103 Dummen,
757 4057 847 4091 um
885 4041 1027 4092 noch
1068 4041 1355 4090 Dümmere
1394 4055 1461 4089 zu
1503 4041 1784 4092 bethören.
1857 4040 1961 4090 Die
2002 4040 2175 4091 Sache
2224 4040 2358 4104 liegt
2397 4041 2522 4091 sehr
2561 4038 2832 4094 einfach:,

267 4113 483 4163 existirt
522 4113 610 4164 ein
652 4112 809 4175 Gott,
859 4124 917 4162 so
965 4110 1144 4161 kann
1190 4110 1287 4161 ihn
1328 4109 1417 4160 die
1457 4110 1977 4161 Sozialdemokratie
2020 4111 2172 4161 nicht
2211 4110 2549 4171 abschaffen,
2592 4109 2807 4161 existirt

266 4198 326 4233 er
366 4184 543 4244 nicht,
582 4198 640 4235 so
680 4182 967 4233 braucht
1016 4181 1093 4232 sie
1132 4182 1229 4231 ihn
1271 4181 1425 4231 nicht
1464 4180 1860 4232 abzuschaffen.
1936 4182 2121 4233 Damit
2177 4181 2394 4232 können
2442 4182 2557 4232 sich
2610 4192 2807 4231 unsere

267 4254 570 4317 Gläubigen
628 4252 909 4304 zufrieden
967 4253 1157 4316 geben.
1241 4250 1542 4302 Jedenfalls
1599 4250 1719 4300 sind
1779 4250 1866 4301 die
1906 4252 2099 4303 Zeiten
2158 4252 2339 4303 vorbei
2397 4268 2474 4302 wo
2532 4266 2654 4302 man
2710 4248 2808 4300 das

271 4325 530 4386 „höchste
570 4325 800 4375 Wesen“
842 4324 992 4374 eines
1032 4323 1205 4386 Tages
1245 4322 1421 4372 durch
1462 4321 1910 4373 Volksbeschluss
1960 4323 2227 4374 abschafft
2275 4321 2383 4372 und
2427 4337 2481 4372 es
2520 4338 2589 4373 au
2628 4320 2805 4371 einem

268 4393 476 4444 andern
515 4396 660 4460 Tage
700 4393 875 4444 durch
915 4393 1446 4445 Conventbeschluss
1484 4392 1684 4443 wieder
1723 4394 1970 4445 einsetzt.
2046 4394 2146 4444 Die
2184 4392 2528 4444 Menschheit
2566 4392 2636 4443 ist
2675 4390 2803 4441 seit-

267 4463 390 4514 dem
430 4481 517 4514 um
557 4466 660 4515 fast
701 4464 938 4515 hundert
978 4464 1143 4515 Jahre
1184 4464 1326 4514 älter
1363 4462 1473 4514 und
1515 4462 1707 4527 klüger
1743 4463 2044 4528 geworden.
2561 4492 2566 4499 —
