<?xml version="1.0" encoding="UTF-8"?>
<pc:PcGts xmlns:pc="http://schema.primaresearch.org/PAGE/gts/pagecontent/2019-07-15" xmlns:xsi="http://www.w3.org/2001/XMLSchema-instance" xsi:schemaLocation="http://schema.primaresearch.org/PAGE/gts/pagecontent/2019-07-15 http://schema.primaresearch.org/PAGE/gts/pagecontent/2019-07-15/pagecontent.xsd" pcGtsId="OCR-D-OCR_0004">
    <pc:Metadata>
        <pc:Creator>OCR-D/core 2.71.0</pc:Creator>
        <pc:Created>2025-04-10T09:17:49.730382</pc:Created>
        <pc:LastChange>2025-04-10T09:17:49.730382</pc:LastChange>
        <pc:MetadataItem type="processingStep" name="layout/segmentation/region" value="ocrd-tesserocr-recognize">
            <pc:Labels externalModel="ocrd-tool" externalId="parameters">
                <pc:Label value="region" type="segmentation_level"/>
                <pc:Label value="word" type="textequiv_level"/>
                <pc:Label value="True" type="find_tables"/>
                <pc:Label value="german_print" type="model"/>
                <pc:Label value="0" type="dpi"/>
                <pc:Label value="0" type="padding"/>
                <pc:Label value="False" type="overwrite_segments"/>
                <pc:Label value="True" type="overwrite_text"/>
                <pc:Label value="False" type="shrink_polygons"/>
                <pc:Label value="False" type="block_polygons"/>
                <pc:Label value="False" type="find_staves"/>
                <pc:Label value="False" type="sparse_text"/>
                <pc:Label value="False" type="raw_lines"/>
                <pc:Label value="" type="char_whitelist"/>
                <pc:Label value="" type="char_blacklist"/>
                <pc:Label value="" type="char_unblacklist"/>
                <pc:Label value="{}" type="tesseract_parameters"/>
                <pc:Label value="{}" type="xpath_parameters"/>
                <pc:Label value="{}" type="xpath_model"/>
                <pc:Label value="False" type="auto_model"/>
                <pc:Label value="DEFAULT" type="oem"/>
            </pc:Labels>
            <pc:Labels externalModel="ocrd-tool" externalId="version">
                <pc:Label value="0.19.1 (tesseract 5.4.1)" type="ocrd-tesserocr-recognize"/>
                <pc:Label value="2.71.0" type="ocrd/core"/>
            </pc:Labels>
        </pc:MetadataItem>
    </pc:Metadata>
    <pc:Page imageFilename="GT-PAGE/bebel_frau_1879_0186.tif" imageWidth="3068" imageHeight="4660">
        <pc:AlternativeImage filename="OCR-D-OCR/OCR-D-OCR_0004.IMG-BIN.png" comments=",binarized,clipped"/>
        <pc:ReadingOrder>
            <pc:OrderedGroup id="reading-order">
                <pc:RegionRefIndexed index="0" regionRef="region0000"/>
                <pc:RegionRefIndexed index="1" regionRef="region0001"/>
                <pc:RegionRefIndexed index="2" regionRef="region0002"/>
            </pc:OrderedGroup>
        </pc:ReadingOrder>
        <pc:TextRegion id="region0000" orientation="-0.596727694409509" readingDirection="left-to-right" textLineOrder="top-to-bottom">
            <pc:Coords points="1289,118 1771,118 1771,173 1289,173"/>
            <pc:TextLine id="region0000_line0000">
                <pc:Coords points="1289,118 1771,118 1771,173 1289,173"/>
                <pc:Word id="region0000_line0000_word0000">
                    <pc:Coords points="1289,144 1376,144 1376,154 1289,154"/>
                    <pc:TextEquiv conf="0.924545669555664">
                        <pc:Unicode>—</pc:Unicode>
                    </pc:TextEquiv>
                </pc:Word>
                <pc:Word id="region0000_line0000_word0001">
                    <pc:Coords points="1474,118 1596,118 1596,173 1474,173"/>
                    <pc:TextEquiv conf="0.918993072509766">
                        <pc:Unicode>180</pc:Unicode>
                    </pc:TextEquiv>
                </pc:Word>
                <pc:Word id="region0000_line0000_word0002">
                    <pc:Coords points="1687,132 1771,132 1771,168 1687,168"/>
                    <pc:TextEquiv conf="0.915776596069336">
                        <pc:Unicode>—</pc:Unicode>
                    </pc:TextEquiv>
                </pc:Word>
                <pc:TextEquiv conf="0.919771779378255">
                    <pc:Unicode>— 180 —</pc:Unicode>
                </pc:TextEquiv>
            </pc:TextLine>
            <pc:TextEquiv conf="0.919771779378255">
                <pc:Unicode>— 180 —</pc:Unicode>
            </pc:TextEquiv>
        </pc:TextRegion>
        <pc:TextRegion id="region0001" orientation="-0.596727694409509" readingDirection="left-to-right" textLineOrder="top-to-bottom">
            <pc:Coords points="255,290 2814,290 2814,807 255,807"/>
            <pc:TextLine id="region0001_line0000">
                <pc:Coords points="268,290 2812,290 2812,362 268,362"/>
                <pc:Word id="region0001_line0000_word0000">
                    <pc:Coords points="268,297 364,297 364,352 268,352"/>
                    <pc:TextEquiv conf="0.91900032043457">
                        <pc:Unicode>die</pc:Unicode>
                    </pc:TextEquiv>
                </pc:Word>
                <pc:Word id="region0001_line0000_word0001">
                    <pc:Coords points="414,293 807,293 807,351 414,351"/>
                    <pc:TextEquiv conf="0.923767242431641">
                        <pc:Unicode>Menschheit</pc:Unicode>
                    </pc:TextEquiv>
                </pc:Word>
                <pc:Word id="region0001_line0000_word0002">
                    <pc:Coords points="856,292 1328,292 1328,362 856,362"/>
                    <pc:TextEquiv conf="0.91118896484375">
                        <pc:Unicode>eingeschlagen</pc:Unicode>
                    </pc:TextEquiv>
                </pc:Word>
                <pc:Word id="region0001_line0000_word0003">
                    <pc:Coords points="1379,291 1618,291 1618,348 1379,348"/>
                    <pc:TextEquiv conf="0.916832733154297">
                        <pc:Unicode>werden</pc:Unicode>
                    </pc:TextEquiv>
                </pc:Word>
                <pc:Word id="region0001_line0000_word0004">
                    <pc:Coords points="1677,291 1941,291 1941,348 1677,348"/>
                    <pc:TextEquiv conf="0.924177398681641">
                        <pc:Unicode>können.</pc:Unicode>
                    </pc:TextEquiv>
                </pc:Word>
                <pc:Word id="region0001_line0000_word0005">
                    <pc:Coords points="2040,290 2267,290 2267,347 2040,347"/>
                    <pc:TextEquiv conf="0.914568786621094">
                        <pc:Unicode>Sinken</pc:Unicode>
                    </pc:TextEquiv>
                </pc:Word>
                <pc:Word id="region0001_line0000_word0006">
                    <pc:Coords points="2314,293 2426,293 2426,348 2314,348"/>
                    <pc:TextEquiv conf="0.913686676025391">
                        <pc:Unicode>wir</pc:Unicode>
                    </pc:TextEquiv>
                </pc:Word>
                <pc:Word id="region0001_line0000_word0007">
                    <pc:Coords points="2486,294 2565,294 2565,347 2486,347"/>
                    <pc:TextEquiv conf="0.91556526184082">
                        <pc:Unicode>im</pc:Unicode>
                    </pc:TextEquiv>
                </pc:Word>
                <pc:Word id="region0001_line0000_word0008">
                    <pc:Coords points="2617,292 2812,292 2812,350 2617,350"/>
                    <pc:TextEquiv conf="0.922668380737305">
                        <pc:Unicode>Laufe</pc:Unicode>
                    </pc:TextEquiv>
                </pc:Word>
                <pc:TextEquiv conf="0.917939529418945">
                    <pc:Unicode>die Menschheit eingeschlagen werden können. Sinken wir im Laufe</pc:Unicode>
                </pc:TextEquiv>
            </pc:TextLine>
            <pc:TextLine id="region0001_line0001">
                <pc:Coords points="267,379 2804,379 2804,454 267,454"/>
                <pc:Word id="region0001_line0001_word0000">
                    <pc:Coords points="267,387 370,387 370,440 267,440"/>
                    <pc:TextEquiv conf="0.931386489868164">
                        <pc:Unicode>des</pc:Unicode>
                    </pc:TextEquiv>
                </pc:Word>
                <pc:Word id="region0001_line0001_word0001">
                    <pc:Coords points="420,380 738,380 738,454 420,454"/>
                    <pc:TextEquiv conf="0.92693733215332">
                        <pc:Unicode>Kampfes,</pc:Unicode>
                    </pc:TextEquiv>
                </pc:Word>
                <pc:Word id="region0001_line0001_word0002">
                    <pc:Coords points="805,397 870,397 870,437 805,437"/>
                    <pc:TextEquiv conf="0.908641052246094">
                        <pc:Unicode>so</pc:Unicode>
                    </pc:TextEquiv>
                </pc:Word>
                <pc:Word id="region0001_line0001_word0003">
                    <pc:Coords points="940,386 1136,386 1136,436 940,436"/>
                    <pc:TextEquiv conf="0.909243850708008">
                        <pc:Unicode>treten</pc:Unicode>
                    </pc:TextEquiv>
                </pc:Word>
                <pc:Word id="region0001_line0001_word0004">
                    <pc:Coords points="1211,396 1429,396 1429,436 1211,436"/>
                    <pc:TextEquiv conf="0.925880355834961">
                        <pc:Unicode>unsere</pc:Unicode>
                    </pc:TextEquiv>
                </pc:Word>
                <pc:Word id="region0001_line0001_word0005">
                    <pc:Coords points="1479,380 1936,380 1936,436 1479,436"/>
                    <pc:TextEquiv conf="0.915627059936523">
                        <pc:Unicode>Nachkommen</pc:Unicode>
                    </pc:TextEquiv>
                </pc:Word>
                <pc:Word id="region0001_line0001_word0006">
                    <pc:Coords points="1998,379 2119,379 2119,435 1998,435"/>
                    <pc:TextEquiv conf="0.921987533569336">
                        <pc:Unicode>und</pc:Unicode>
                    </pc:TextEquiv>
                </pc:Word>
                <pc:Word id="region0001_line0001_word0007">
                    <pc:Coords points="2169,380 2265,380 2265,435 2169,435"/>
                    <pc:TextEquiv conf="0.926447448730469">
                        <pc:Unicode>die</pc:Unicode>
                    </pc:TextEquiv>
                </pc:Word>
                <pc:Word id="region0001_line0001_word0008">
                    <pc:Coords points="2316,397 2428,397 2428,437 2316,437"/>
                    <pc:TextEquiv conf="0.923549957275391">
                        <pc:Unicode>uns</pc:Unicode>
                    </pc:TextEquiv>
                </pc:Word>
                <pc:Word id="region0001_line0001_word0009">
                    <pc:Coords points="2477,382 2804,382 2804,437 2477,437"/>
                    <pc:TextEquiv conf="0.901626586914062">
                        <pc:Unicode>Nachstre-</pc:Unicode>
                    </pc:TextEquiv>
                </pc:Word>
                <pc:TextEquiv conf="0.919132766723633">
                    <pc:Unicode>des Kampfes, so treten unsere Nachkommen und die uns Nachstre-</pc:Unicode>
                </pc:TextEquiv>
            </pc:TextLine>
            <pc:TextLine id="region0001_line0002">
                <pc:Coords points="255,468 2805,468 2805,539 255,539"/>
                <pc:Word id="region0001_line0002_word0000">
                    <pc:Coords points="255,470 504,470 504,528 255,528"/>
                    <pc:TextEquiv conf="0.923306121826172">
                        <pc:Unicode>benden</pc:Unicode>
                    </pc:TextEquiv>
                </pc:Word>
                <pc:Word id="region0001_line0002_word0001">
                    <pc:Coords points="552,469 649,469 649,528 552,528"/>
                    <pc:TextEquiv conf="0.909513626098633">
                        <pc:Unicode>für</pc:Unicode>
                    </pc:TextEquiv>
                </pc:Word>
                <pc:Word id="region0001_line0002_word0002">
                    <pc:Coords points="696,486 810,486 810,526 696,526"/>
                    <pc:TextEquiv conf="0.909513626098633">
                        <pc:Unicode>uns</pc:Unicode>
                    </pc:TextEquiv>
                </pc:Word>
                <pc:Word id="region0001_line0002_word0003">
                    <pc:Coords points="860,468 988,468 988,536 860,536"/>
                    <pc:TextEquiv conf="0.922339172363281">
                        <pc:Unicode>ein;</pc:Unicode>
                    </pc:TextEquiv>
                </pc:Word>
                <pc:Word id="region0001_line0002_word0004">
                    <pc:Coords points="1038,469 1148,469 1148,523 1038,523"/>
                    <pc:TextEquiv conf="0.931571502685547">
                        <pc:Unicode>wir</pc:Unicode>
                    </pc:TextEquiv>
                </pc:Word>
                <pc:Word id="region0001_line0002_word0005">
                    <pc:Coords points="1196,468 1413,468 1413,524 1196,524"/>
                    <pc:TextEquiv conf="0.90127685546875">
                        <pc:Unicode>sinken</pc:Unicode>
                    </pc:TextEquiv>
                </pc:Word>
                <pc:Word id="region0001_line0002_word0006">
                    <pc:Coords points="1462,469 1524,469 1524,523 1462,523"/>
                    <pc:TextEquiv conf="0.925992202758789">
                        <pc:Unicode>in</pc:Unicode>
                    </pc:TextEquiv>
                </pc:Word>
                <pc:Word id="region0001_line0002_word0007">
                    <pc:Coords points="1567,468 1700,468 1700,525 1567,525"/>
                    <pc:TextEquiv conf="0.92712043762207">
                        <pc:Unicode>dem</pc:Unicode>
                    </pc:TextEquiv>
                </pc:Word>
                <pc:Word id="region0001_line0002_word0008">
                    <pc:Coords points="1732,468 2176,468 2176,536 1732,536"/>
                    <pc:TextEquiv conf="0.919813690185547">
                        <pc:Unicode>Bewusstsein,</pc:Unicode>
                    </pc:TextEquiv>
                </pc:Word>
                <pc:Word id="region0001_line0002_word0009">
                    <pc:Coords points="2227,484 2447,484 2447,525 2227,525"/>
                    <pc:TextEquiv conf="0.915675277709961">
                        <pc:Unicode>unsere</pc:Unicode>
                    </pc:TextEquiv>
                </pc:Word>
                <pc:Word id="region0001_line0002_word0010">
                    <pc:Coords points="2482,468 2805,468 2805,539 2482,539"/>
                    <pc:TextEquiv conf="0.904340744018555">
                        <pc:Unicode>Schuldig-</pc:Unicode>
                    </pc:TextEquiv>
                </pc:Word>
                <pc:TextEquiv conf="0.91731484153054">
                    <pc:Unicode>benden für uns ein; wir sinken in dem Bewusstsein, unsere Schuldig-</pc:Unicode>
                </pc:TextEquiv>
            </pc:TextLine>
            <pc:TextLine id="region0001_line0003">
                <pc:Coords points="267,556 2814,556 2814,626 267,626"/>
                <pc:Word id="region0001_line0003_word0000">
                    <pc:Coords points="267,562 396,562 396,617 267,617"/>
                    <pc:TextEquiv conf="0.904789428710937">
                        <pc:Unicode>keit</pc:Unicode>
                    </pc:TextEquiv>
                </pc:Word>
                <pc:Word id="region0001_line0003_word0001">
                    <pc:Coords points="442,561 531,561 531,617 442,617"/>
                    <pc:TextEquiv conf="0.928832244873047">
                        <pc:Unicode>als</pc:Unicode>
                    </pc:TextEquiv>
                </pc:Word>
                <pc:Word id="region0001_line0003_word0002">
                    <pc:Coords points="578,557 913,557 913,615 578,615"/>
                    <pc:TextEquiv conf="0.929746398925781">
                        <pc:Unicode>Menschen</pc:Unicode>
                    </pc:TextEquiv>
                </pc:Word>
                <pc:Word id="region0001_line0003_word0003">
                    <pc:Coords points="963,556 1188,556 1188,626 963,626"/>
                    <pc:TextEquiv conf="0.909996185302734">
                        <pc:Unicode>gethan</pc:Unicode>
                    </pc:TextEquiv>
                </pc:Word>
                <pc:Word id="region0001_line0003_word0004">
                    <pc:Coords points="1238,574 1311,574 1311,612 1238,612"/>
                    <pc:TextEquiv conf="0.932588500976563">
                        <pc:Unicode>zu</pc:Unicode>
                    </pc:TextEquiv>
                </pc:Word>
                <pc:Word id="region0001_line0003_word0005">
                    <pc:Coords points="1361,557 1579,557 1579,626 1361,626"/>
                    <pc:TextEquiv conf="0.923468933105469">
                        <pc:Unicode>haben,</pc:Unicode>
                    </pc:TextEquiv>
                </pc:Word>
                <pc:Word id="region0001_line0003_word0006">
                    <pc:Coords points="1630,558 1752,558 1752,612 1630,612"/>
                    <pc:TextEquiv conf="0.93216926574707">
                        <pc:Unicode>und</pc:Unicode>
                    </pc:TextEquiv>
                </pc:Word>
                <pc:Word id="region0001_line0003_word0007">
                    <pc:Coords points="1801,557 1938,557 1938,613 1801,613"/>
                    <pc:TextEquiv conf="0.920099029541016">
                        <pc:Unicode>dass</pc:Unicode>
                    </pc:TextEquiv>
                </pc:Word>
                <pc:Word id="region0001_line0003_word0008">
                    <pc:Coords points="1989,556 2093,556 2093,612 1989,612"/>
                    <pc:TextEquiv conf="0.923600845336914">
                        <pc:Unicode>das</pc:Unicode>
                    </pc:TextEquiv>
                </pc:Word>
                <pc:Word id="region0001_line0003_word0009">
                    <pc:Coords points="2141,556 2271,556 2271,613 2141,613"/>
                    <pc:TextEquiv conf="0.922050857543945">
                        <pc:Unicode>Ziel</pc:Unicode>
                    </pc:TextEquiv>
                </pc:Word>
                <pc:Word id="region0001_line0003_word0010">
                    <pc:Coords points="2321,556 2591,556 2591,613 2321,613"/>
                    <pc:TextEquiv conf="0.917167205810547">
                        <pc:Unicode>erreicht</pc:Unicode>
                    </pc:TextEquiv>
                </pc:Word>
                <pc:Word id="region0001_line0003_word0011">
                    <pc:Coords points="2634,558 2814,558 2814,625 2634,625"/>
                    <pc:TextEquiv conf="0.921359024047852">
                        <pc:Unicode>wird,</pc:Unicode>
                    </pc:TextEquiv>
                </pc:Word>
                <pc:TextEquiv conf="0.92215565999349">
                    <pc:Unicode>keit als Menschen gethan zu haben, und dass das Ziel erreicht wird,</pc:Unicode>
                </pc:TextEquiv>
            </pc:TextLine>
            <pc:TextLine id="region0001_line0004">
                <pc:Coords points="268,643 2810,643 2810,706 268,706"/>
                <pc:Word id="region0001_line0004_word0000">
                    <pc:Coords points="268,651 377,651 377,706 268,706"/>
                    <pc:TextEquiv conf="0.923363265991211">
                        <pc:Unicode>wie</pc:Unicode>
                    </pc:TextEquiv>
                </pc:Word>
                <pc:Word id="region0001_line0004_word0001">
                    <pc:Coords points="443,650 659,650 659,705 443,705"/>
                    <pc:TextEquiv conf="0.926510925292969">
                        <pc:Unicode>immer</pc:Unicode>
                    </pc:TextEquiv>
                </pc:Word>
                <pc:Word id="region0001_line0004_word0002">
                    <pc:Coords points="726,646 823,646 823,703 726,703"/>
                    <pc:TextEquiv conf="0.9171728515625">
                        <pc:Unicode>die</pc:Unicode>
                    </pc:TextEquiv>
                </pc:Word>
                <pc:Word id="region0001_line0004_word0003">
                    <pc:Coords points="891,644 1024,644 1024,701 891,701"/>
                    <pc:TextEquiv conf="0.928018951416016">
                        <pc:Unicode>dem</pc:Unicode>
                    </pc:TextEquiv>
                </pc:Word>
                <pc:Word id="region0001_line0004_word0004">
                    <pc:Coords points="1073,646 1454,646 1454,702 1073,702"/>
                    <pc:TextEquiv conf="0.443783912658691">
                        <pc:Unicode>Fortschritt</pc:Unicode>
                    </pc:TextEquiv>
                </pc:Word>
                <pc:Word id="region0001_line0004_word0005">
                    <pc:Coords points="1525,647 1631,647 1631,701 1525,701"/>
                    <pc:TextEquiv conf="0.905663833618164">
                        <pc:Unicode>der</pc:Unicode>
                    </pc:TextEquiv>
                </pc:Word>
                <pc:Word id="region0001_line0004_word0006">
                    <pc:Coords points="1677,645 2070,645 2070,702 1677,702"/>
                    <pc:TextEquiv conf="0.922457275390625">
                        <pc:Unicode>Menschheit</pc:Unicode>
                    </pc:TextEquiv>
                </pc:Word>
                <pc:Word id="region0001_line0004_word0007">
                    <pc:Coords points="2136,643 2510,643 2510,702 2136,702"/>
                    <pc:TextEquiv conf="0.903635330200195">
                        <pc:Unicode>feindlichen</pc:Unicode>
                    </pc:TextEquiv>
                </pc:Word>
                <pc:Word id="region0001_line0004_word0008">
                    <pc:Coords points="2555,646 2810,646 2810,704 2555,704"/>
                    <pc:TextEquiv conf="0.833081207275391">
                        <pc:Unicode>Mächte</pc:Unicode>
                    </pc:TextEquiv>
                </pc:Word>
                <pc:TextEquiv conf="0.855965283711751">
                    <pc:Unicode>wie immer die dem Fortschritt der Menschheit feindlichen Mächte</pc:Unicode>
                </pc:TextEquiv>
            </pc:TextLine>
            <pc:TextLine id="region0001_line0005">
                <pc:Coords points="267,732 1349,732 1349,807 267,807"/>
                <pc:Word id="region0001_line0005_word0000">
                    <pc:Coords points="267,738 400,738 400,795 267,795"/>
                    <pc:TextEquiv conf="0.927836685180664">
                        <pc:Unicode>sich</pc:Unicode>
                    </pc:TextEquiv>
                </pc:Word>
                <pc:Word id="region0001_line0005_word0001">
                    <pc:Coords points="451,737 719,737 719,807 451,807"/>
                    <pc:TextEquiv conf="0.916645584106445">
                        <pc:Unicode>dagegen</pc:Unicode>
                    </pc:TextEquiv>
                </pc:Word>
                <pc:Word id="region0001_line0005_word0002">
                    <pc:Coords points="773,732 1059,732 1059,791 773,791"/>
                    <pc:TextEquiv conf="0.905908737182617">
                        <pc:Unicode>sträuben</pc:Unicode>
                    </pc:TextEquiv>
                </pc:Word>
                <pc:Word id="region0001_line0005_word0003">
                    <pc:Coords points="1112,740 1349,740 1349,804 1112,804"/>
                    <pc:TextEquiv conf="0.530889053344727">
                        <pc:Unicode>mögen.</pc:Unicode>
                    </pc:TextEquiv>
                </pc:Word>
                <pc:TextEquiv conf="0.820320014953613">
                    <pc:Unicode>sich dagegen sträuben mögen.</pc:Unicode>
                </pc:TextEquiv>
            </pc:TextLine>
            <pc:TextEquiv conf="0.892138016055329">
                <pc:Unicode>die Menschheit eingeschlagen werden können. Sinken wir im Laufe
des Kampfes, so treten unsere Nachkommen und die uns Nachstre-
benden für uns ein; wir sinken in dem Bewusstsein, unsere Schuldig-
keit als Menschen gethan zu haben, und dass das Ziel erreicht wird,
wie immer die dem Fortschritt der Menschheit feindlichen Mächte
sich dagegen sträuben mögen.</pc:Unicode>
            </pc:TextEquiv>
        </pc:TextRegion>
        <pc:TextRegion id="region0002" orientation="-0.596727694409509" readingDirection="left-to-right" textLineOrder="top-to-bottom">
            <pc:Coords points="775,4435 2296,4435 2296,4501 775,4501"/>
            <pc:TextLine id="region0002_line0000">
                <pc:Coords points="775,4435 2296,4435 2296,4501 775,4501"/>
                <pc:Word id="region0002_line0000_word0000">
                    <pc:Coords points="775,4451 1166,4451 1166,4498 775,4498"/>
                    <pc:TextEquiv conf="0.911192474365234">
                        <pc:Unicode>Schweizerische</pc:Unicode>
                    </pc:TextEquiv>
                </pc:Word>
                <pc:Word id="region0002_line0000_word0001">
                    <pc:Coords points="1195,4449 1779,4449 1779,4501 1195,4501"/>
                    <pc:TextEquiv conf="0.723374328613281">
                        <pc:Unicode>Vereinsbuchdruckerei,</pc:Unicode>
                    </pc:TextEquiv>
                </pc:Word>
                <pc:Word id="region0002_line0000_word0002">
                    <pc:Coords points="1811,4435 2296,4435 2296,4499 1811,4499"/>
                    <pc:TextEquiv conf="0.883675994873047">
                        <pc:Unicode>Hottingen-Zürich.</pc:Unicode>
                    </pc:TextEquiv>
                </pc:Word>
                <pc:TextEquiv conf="0.839414265950521">
                    <pc:Unicode>Schweizerische Vereinsbuchdruckerei, Hottingen-Zürich.</pc:Unicode>
                </pc:TextEquiv>
            </pc:TextLine>
            <pc:TextEquiv conf="0.839414265950521">
                <pc:Unicode>Schweizerische Vereinsbuchdruckerei, Hottingen-Zürich.</pc:Unicode>
            </pc:TextEquiv>
        </pc:TextRegion>
    </pc:Page>
</pc:PcGts>
