3068 4660
1292 145 1379 155 —
1479 118 1779 172 170
1704 118 1779 172 —

265 295 565 363 verluste,
631 324 716 334 —
796 311 952 360 wer,
1043 290 1208 361 frage
1289 292 1429 360 ich,
1510 292 1631 346 will
1710 293 1806 346 die
1859 292 2088 348 Grenze
2170 292 2274 348 des
2344 295 2607 365 Ertrags
2687 313 2803 349 von

265 384 424 440 allen
496 383 705 439 diesen
774 382 894 436 und
964 380 1229 436 anderen
1281 380 1669 448 Vortheilen,
1740 381 1836 435 die
1897 379 2027 435 sich
2089 380 2201 435 mit
2255 377 2806 439 fortschreitender

268 473 487 529 Cultur
537 471 739 527 sicher
787 469 1229 524 herausstellen
1281 469 1551 537 werden,
1612 466 1951 525 feststellen
2014 468 2134 523 und
2186 468 2281 523 die
2332 469 2479 524 Zahl
2536 471 2644 527 der
2689 473 2804 528 Be-

266 561 518 616 wohner
566 558 956 625 bestimmen,
1008 558 1105 613 die
1157 557 1426 613 dadurch
1480 557 1729 614 ernährt
1776 556 2014 612 werden
2064 553 2441 631 könnten?*)

444 648 549 704 Ich
601 646 722 701 will
772 645 994 701 einmal
1045 646 1479 713 unterstellen,
1549 662 1611 701 es
1671 645 1890 701 sollten
1955 645 2138 700 heute
2204 645 2393 701 schon
2458 646 2573 701 alle
2638 646 2804 704 diese

263 735 640 804 Massregeln
689 735 751 789 in
799 732 1043 804 Angriff
1084 749 1442 804 genommen
1493 734 1752 802 werden,
1805 750 1869 789 so
1910 735 2108 789 würde
2161 733 2291 789 sich
2343 720 2808 807 herausstellen,

264 825 428 881 dass
480 840 585 878 um
638 823 744 878 sie
793 823 1190 892 allgemein
1243 823 1381 878 und
1429 821 1579 877 voll
1626 830 2157 890 auszunutzen,
2208 822 2335 876 wir
2376 822 2488 878 bei
2525 823 2809 879 weitem

265 912 476 968 nicht
523 928 759 981 genug
807 911 1207 967 Menschen
1258 910 1517 967 hätten
1577 912 1721 967 und
1770 928 2032 967 unsere
2081 910 2561 978 Landsleute,
2624 916 2814 967 statt

265 1000 446 1057 nach
495 1000 953 1056 anderwärts
1013 999 1616 1068 auszuwandern,
1687 999 1868 1055 nach
1926 999 2437 1055 Deutschland
2497 999 2810 1056 zurück-

262 1088 600 1144 wandern
669 1094 1011 1144 müssten.
1106 1089 1244 1143 Nun
1312 1088 1461 1144 wird
1528 1087 2136 1144 selbstverständlich
2205 1088 2341 1143 eine
2401 1086 2812 1144 Gesellschaft

266 1177 398 1234 sich
449 1177 626 1233 nicht
675 1176 780 1233 das
828 1177 961 1233 Ziel
1010 1177 1257 1245 stellen,
1318 1176 1423 1232 das
1472 1194 1589 1233 was
1640 1178 1727 1234 sie
1778 1176 1875 1233 für
1922 1176 2020 1232 die
2067 1174 2337 1232 Zukunft
2394 1175 2489 1231 für
2538 1176 2808 1246 möglich

262 1266 420 1335 hält,
471 1266 534 1321 in
587 1266 758 1322 einer
804 1264 1156 1335 gegebenen
1206 1266 1343 1322 Zeit
1389 1283 1461 1320 zu
1512 1266 2000 1333 verwirklichen,
2054 1264 2316 1320 sondern
2369 1266 2455 1320 sie
2492 1265 2639 1320 wird
2676 1264 2808 1320 sich

263 1355 604 1425 begnügen,
658 1354 826 1411 diese
875 1352 1303 1410 umfassenden
1337 1355 1852 1423 Veränderungen
1903 1355 1973 1409 in
2025 1354 2174 1409 dem
2225 1354 2513 1409 Maasse
2563 1371 2644 1408 zu
2695 1370 2809 1409 er-

262 1444 612 1511 weitern,
672 1443 780 1498 als
830 1443 946 1499 die
996 1443 1655 1513 Nothwendigkeit
1711 1443 1852 1498 und
1909 1443 2137 1499 damit
2200 1441 2314 1498 die
2373 1441 2812 1513 bequemere

264 1531 767 1601 Möglichkeit
814 1531 991 1587 dazu
1043 1531 1203 1588 sich
1253 1531 1762 1588 herausstellt.

438 1620 567 1676 Gilt
615 1620 719 1676 das
768 1619 915 1676 aber
959 1636 1078 1676 von
1115 1620 1249 1676 dem
1293 1621 1779 1690 gegenwärtigen
1813 1619 2453 1690 Bevölkerungsstand
2502 1620 2625 1674 und
2673 1618 2806 1674 dem

261 1708 528 1764 Tustand
581 1708 691 1765 der
737 1709 943 1778 Dinge
987 1710 1050 1765 in
1083 1709 1536 1777 Deutschland,
1588 1725 1653 1766 so
1703 1709 1819 1779 gilt
1867 1707 1971 1764 das
2021 1709 2081 1763 in
2135 1708 2292 1765 noch
2328 1709 2468 1764 weit
2516 1707 2809 1764 höherem

263 1797 461 1853 Grade
512 1812 631 1853 von
683 1796 799 1855 den
849 1798 1112 1853 meisten
1161 1798 1444 1855 Ländern
1504 1798 1609 1854 des
1667 1797 1923 1866 übrigen
1971 1797 2246 1867 Europa,
2316 1796 2437 1852 und
2486 1796 2587 1851 ich
2647 1803 2811 1855 setze

263 1886 480 1954 hinzu,
540 1903 677 1942 von
729 1887 986 1942 seinen
1040 1886 1446 1943 schönsten
1508 1886 1647 1942 und
1697 1885 2296 1952 fruchtbarsten;
2366 1897 2484 1940 von
2532 1883 2806 1940 fremden

267 1973 628 2031 Erdtheilen
679 1963 975 2044 vorläufig
1023 1991 1171 2045 ganz
1221 1975 1586 2045 abgesehen.

441 2063 632 2120 Nicht
686 2064 871 2121 allein
932 2063 1204 2120 könnten
1254 2063 1632 2121 Frankreich
1691 2063 1814 2118 und
1863 2062 2142 2133 England
2202 2069 2381 2118 unter
2429 2061 2542 2117 den
2596 2066 2812 2117 verän-

267 2151 483 2208 derten
532 2152 1001 2209 Verhältniseen
1049 2184 1134 2191 —
1194 2169 1330 2208 man
1382 2152 1576 2209 denke
1637 2159 1817 2208 unter
1873 2151 2120 2208 anderm
2178 2167 2253 2206 an
2305 2150 2400 2207 die
2461 2150 2812 2220 ungeheure

262 2241 1004 2311 Bodenverschwendung
1072 2239 1179 2298 der
1236 2258 1490 2311 grossen
1539 2241 1879 2297 Landlords
1942 2241 2004 2295 in
2053 2239 2332 2310 England
2390 2240 2512 2295 und
2566 2239 2811 2295 Schott-

261 2328 402 2386 land
453 2347 524 2385 zu
569 2325 1107 2409 Jagdgründen**)
1158 2330 1280 2386 und
1330 2347 1405 2386 an
1457 2329 1573 2387 den
1607 2329 1875 2386 Zustand
1924 2329 2180 2397 Irlands,
2233 2329 2335 2384 das
2386 2326 2595 2383 früher
2640 2326 2815 2382 mehr

261 2417 349 2473 als
401 2418 653 2488 doppelt
722 2435 785 2474 so
836 2419 959 2475 viel
1007 2418 1380 2476 Einwohner
1436 2419 1604 2476 hatte
1671 2419 1758 2474 als
1810 2415 2119 2491 heute**)
2170 2447 2254 2456 —
2322 2433 2470 2487 ganz
2530 2416 2812 2487 gewaltig

404 2658 457 2723 *)
514 2659 857 2725 Neuerdings
896 2660 968 2711 ist
1009 2659 1099 2712 die
1137 2660 1676 2725 württembergische
1715 2660 2025 2724 Regierung
2080 2659 2180 2710 auf
2232 2658 2336 2709 den
2396 2665 2562 2723 guten
2599 2657 2810 2708 Einfall

261 2729 608 2794 gekommen,
676 2729 766 2781 die
822 2732 1183 2796 Böschungen
1247 2731 1345 2782 der
1397 2731 1788 2782 Eisenbahnen
1847 2730 2267 2781 versuchsweise
2324 2729 2424 2780 mit
2478 2728 2812 2793 Zwergobst-

263 2800 498 2852 bäumen
536 2818 604 2852 zu
642 2800 980 2867 bepflanzen.
1057 2801 1322 2867 Obgleich
1382 2800 1532 2853 diese
1586 2802 1750 2853 kaum
1791 2801 1879 2853 die
1919 2799 2313 2852 ausreichende
2352 2799 2558 2864 Pflege,
2614 2799 2713 2849 wie
2756 2800 2810 2848 in

262 2871 442 2922 einem
481 2872 844 2924 sozialistisch
884 2872 1251 2937 organisirten
1277 2873 1682 2925 Gemeinwesen
1719 2872 1903 2923 finden
1940 2870 2175 2934 werden,
2212 2886 2269 2922 so
2310 2870 2491 2921 dürfte
2532 2869 2671 2921 doch
2712 2870 2810 2919 im-

261 2942 476 2993 merhin
514 2943 604 2994 ihr
626 2943 830 3009 Ertrag
868 2943 1238 2995 beträchtlich
1278 2944 1394 2995 sein
1433 2943 1562 3006 und,
1602 2944 1658 2997 in
1695 2942 2008 3007 Geldwerth
2047 2941 2431 3007 ausgedrückt,
2472 2940 2593 2991 dem
2622 2940 2815 2992 Staate

262 3012 423 3063 einen
462 3014 858 3066 ansehnlichen
886 3014 1138 3066 Vortheil
1178 3014 1516 3079 einbringen.
1576 3014 1801 3066 Warum
1838 3014 2011 3065 sollen
2039 3012 2128 3064 die
2153 3012 2450 3063 Menschen
2489 3011 2642 3062 nicht
2671 3009 2812 3062 auch

265 3084 407 3134 noch
447 3084 546 3135 auf
580 3084 686 3136 den
726 3085 1026 3137 Gedanken
1064 3084 1334 3147 kommen,
1375 3085 1465 3137 die
1491 3086 1712 3136 Dächer
1747 3085 1898 3136 ihrer
1925 3085 2136 3135 Häuser
2174 3084 2258 3134 fär
2284 3084 2504 3148 gewisse
2533 3081 2812 3133 Pflanzen-

264 3154 518 3206 culturen
557 3172 625 3206 zu
664 3156 962 3219 benutzen,
1003 3172 1071 3206 zu
1109 3156 1369 3207 welchem
1406 3156 1603 3207 Zweck
1641 3156 1719 3208 sie
1758 3155 1904 3207 dann
1944 3155 2033 3206 die
2069 3155 2289 3206 Dächer
2326 3153 2469 3205 flach
2510 3154 2727 3204 bauten.

410 3277 498 3343 **)
552 3280 760 3341 „Zwei
816 3279 1175 3332 Millionen
1230 3280 1474 3340 Acker,
1530 3279 1736 3331 welche
1776 3279 1865 3331 die
1914 3279 2431 3331 fruchtbarsten
2468 3275 2809 3328 Ländereien

267 3347 624 3401 Schottlands
663 3350 1054 3415 einbegreifen,
1095 3349 1217 3402 sind
1254 3366 1389 3416 ganz
1427 3350 1538 3402 und
1566 3366 1663 3416 gar
1699 3358 1860 3402 wüst
1898 3351 2139 3415 gelegt.
2201 3350 2312 3400 Das
2339 3347 2647 3400 natürliche
2675 3345 2815 3397 Gras

261 3434 365 3469 von
406 3418 544 3470 Glen
583 3420 697 3472 Tilt
735 3422 888 3473 zählt
924 3438 992 3472 zu
1031 3421 1136 3473 den
1176 3422 1592 3474 nahrhaftesten
1632 3422 1730 3474 der
1768 3422 2082 3473 Grafschaft
2119 3421 2311 3486 Perth;
2353 3419 2450 3470 der
2474 3418 2617 3475 Deer
2642 3416 2813 3469 forest

265 3487 604 3555 (Wildpark)
653 3506 757 3541 von
804 3493 920 3543 Ben
958 3492 1170 3544 Aulder
1217 3508 1324 3544 war
1372 3492 1469 3544 der
1516 3493 1668 3545 beste
1709 3492 2020 3558 Grasgrund
2070 3493 2143 3543 im
2191 3491 2387 3542 weiten
2423 3487 2659 3541 Distrikt
2708 3502 2811 3537 von

262 3559 583 3627 Badenoch;
625 3561 714 3612 ein
754 3562 913 3613 Theil
955 3562 1049 3614 des
1086 3563 1259 3614 Black
1297 3563 1490 3615 Mount
1527 3565 1722 3616 Forest
1760 3580 1869 3614 war
1906 3562 2002 3615 das
2040 3561 2437 3627 vorzüglichste
2475 3558 2813 3610 schottische

264 3630 591 3682 Weideland
641 3631 729 3682 für
765 3632 1309 3699 schwarzgesichtige
1350 3634 1564 3686 Schafe.
1638 3635 1759 3687 Von
1799 3633 1896 3685 der
1931 3633 2310 3696 Ausdehnung
2354 3629 2448 3680 des
2487 3629 2573 3679 für
2656 3627 2810 3693 Jagd-

264 3701 694 3754 liebhaberci
744 3702 1149 3768 wüstgelegten
1175 3704 1362 3756 Grund
1402 3705 1513 3756 und
1552 3705 1769 3757 Bodens
1816 3721 1940 3770 mag
1977 3720 2102 3756 man
2139 3702 2258 3754 sich
2297 3701 2419 3753 eine
2460 3700 2815 3762 Vorstellung

262 3772 451 3824 bilden
499 3787 597 3825 aus
645 3772 742 3825 der
780 3773 1115 3836 Thatsache,
1172 3775 1295 3826 dass
1335 3791 1394 3827 er
1431 3777 1592 3827 einen
1631 3775 1738 3828 viel
1791 3770 2089 3841 grösseren
2127 3770 2507 3841 Flächenraum
2565 3770 2812 3831 umfasst,

265 3843 347 3895 als
386 3842 476 3895 die
515 3859 684 3908 ganze
724 3843 1038 3896 Grafschaft
1076 3845 1263 3896 Perth.
1336 3847 1448 3898 Der
1474 3847 1697 3898 Verlust
1736 3846 1830 3898 des
1865 3844 2083 3897 Landes
2120 3858 2190 3894 an
2215 3840 2810 3905 Produktionsquellen

263 3914 318 3963 in
344 3914 515 3979 Folge
555 3915 734 3966 dieser
758 3915 1138 3980 gewaltsamen
1168 3915 1461 3982 Verödung
1497 3933 1619 3982 mag
1643 3932 1768 3968 man
1796 3915 1993 3967 daraus
2029 3914 2306 3976 schätzen,
2348 3912 2471 3964 dass
2498 3912 2595 3964 der
2619 3911 2807 3964 Boden

263 3983 359 4035 des
397 3985 715 4052 Wildparks
753 4002 855 4037 von
892 3987 1008 4038 Ben
1046 3985 1257 4038 Aulder
1297 3986 1487 4048 15,000
1525 3987 1723 4039 Schafe
1770 3987 1983 4037 nähren
2028 3985 2235 4036 könnte
2285 3984 2398 4034 und
2447 3983 2569 4035 dass
2609 3998 2667 4033 er
2704 3996 2812 4031 nur

266 4056 375 4105 ein
413 4055 859 4121 Dreissigstel
901 4056 1012 4109 des
1051 4063 1456 4121 gesammten
1482 4057 1917 4122 Jagdreviers
1957 4071 2076 4107 von
2118 4053 2535 4106 Schottland
2576 4053 2812 4116 beträgt.

265 4164 277 4175 .
319 4165 330 4175 .
375 4165 386 4176 .
425 4126 517 4177 All
558 4127 735 4178 dieses
760 4126 1032 4192 Jagdland
1072 4129 1143 4179 ist
1184 4128 1457 4179 durchaus
1496 4127 1883 4193 unproduktiv.
1979 4166 2043 4177 ...
2085 4142 2140 4177 es
2178 4127 2333 4178 hätte
2374 4123 2715 4176 ebensowohl
2752 4122 2812 4171 in

271 4195 375 4247 den
415 4197 619 4249 Fluten
657 4197 755 4250 der
791 4198 1033 4250 Nordsee
1073 4198 1328 4251 versenkt
1366 4197 1580 4250 werden
1619 4198 1887 4249 können.“

1419 4268 1575 4320 Karl
1614 4269 1796 4319 Marx
1841 4268 1984 4330 „Das
2019 4267 2293 4333 Kapital“,
2334 4266 2382 4318 2.
2423 4264 2666 4329 Aufiage.

408 4386 526 4460 *****)
874 4394 943 4444 So
982 4400 1129 4458 sorgt
1167 4393 1265 4445 der
1303 4394 1467 4455 Herr,
1508 4392 1631 4444 dass
1668 4393 1864 4443 Hirsch
1908 4391 2017 4442 und
2059 4391 2218 4454 Ochs,

862 4464 974 4515 Das
1013 4465 1206 4516 heisst:
1249 4464 1371 4516 dass
1409 4465 1504 4515 ihn
1544 4464 1661 4515 sein
1700 4465 1880 4515 Bauer
1917 4467 2105 4525 mäste,
