3068 4660
1274 148 1350 156 —
1458 119 1756 174 140
1669 119 1756 174 —

250 296 804 353 hochbedeutsame
875 291 1489 350 Gartenwirthschaft
1566 294 1697 349 ihre
1767 293 2251 351 allerschönsten
2317 297 2580 353 Blüthen
2651 305 2786 354 ent-

250 383 457 442 falten.
2152 391 2160 399 ;

429 473 644 529 Sicher
707 468 877 539 giebt
943 486 1005 525 es
1073 469 1252 526 keine
1311 471 1646 539 gesündere
1709 469 1859 538 und,
1929 487 2101 527 wenn
2161 471 2271 526 mit
2318 472 2515 529 Maass
2583 473 2788 544 geübt,

249 562 405 618 auch
455 561 632 615 keine
681 557 1125 627 angenehmere
1172 556 1656 629 Beschäftigung
1703 559 1814 614 wie
1866 558 1961 614 die
2015 560 2279 615 Garten-
2331 559 2451 615 und
2500 561 2789 619 Gärtner-

250 650 467 706 arbeit.
561 647 745 702 Diese
813 645 897 702 ist
962 647 1086 702 und
1152 646 1347 703 bleibt
1401 646 1824 703 vornehmlich
1888 647 2332 716 vorzugsweise
2393 648 2787 718 Handarbeit,

250 738 455 793 womit
513 735 1122 791 selbstverständlich
1187 735 1361 791 nicht
1418 742 1629 805 gesagt
1677 737 1788 803 ist,
1858 735 1993 791 dass
2044 737 2219 792 nicht
2273 734 2374 792 die
2420 735 2790 794 Hülfswerk-

252 841 437 894 zeuge
472 824 582 879 wie
619 823 716 879 die
752 839 937 893 ganze
972 825 1084 880 Art
1118 825 1224 879 der
1254 821 1850 894 Bewirthschaftung
1899 824 2279 881 bedeutende
2317 825 2438 880 und
2474 825 2788 895 steigende

248 912 784 981 Verbesserungen
834 910 1116 968 erfahren
1166 912 1425 968 werden.
1517 913 1633 968 Die
1694 912 2122 970 Gartenarbeit
2190 914 2385 970 bietet
2433 913 2790 970 tausender-

250 1002 331 1057 lei
380 1001 563 1057 Reize
615 1000 737 1055 und
785 999 1056 1057 bewährt
1105 1000 1237 1057 sich
1289 1006 1440 1057 stets
1489 1001 1577 1057 als
1630 1001 1772 1057 sehr
1804 1001 2090 1058 dankbar.
2164 1003 2254 1058 Da
2303 1002 2402 1058 bei
2452 1002 2559 1058 der
2606 1002 2794 1072 stetig

250 1089 494 1146 dichter
550 1088 910 1145 werdenden
958 1089 1386 1160 Bevölkerung
1443 1090 1540 1145 die
1598 1087 1936 1160 Nachfrage
2003 1091 2158 1147 nach
2217 1090 2791 1159 Nahrungsmitteln

250 1175 543 1235 ebenfalls
604 1178 819 1248 steigt,
889 1193 954 1234 so
1005 1178 1199 1234 bietet
1254 1178 1475 1248 gerade
1527 1178 1623 1233 die
1684 1178 1913 1235 höhere
1965 1178 2249 1248 Garten-,
2320 1179 2615 1236 Gemüse-
2667 1178 2792 1234 und

252 1266 591 1323 Obstzucht
658 1267 757 1322 ein
825 1266 1310 1337 hochwichtiges
1377 1266 1501 1322 und
1567 1265 1685 1323 fast
1751 1266 2319 1337 unerschöpfliches
2377 1267 2544 1324 Feld.
2650 1267 2792 1323 Was

252 1355 437 1411 heute
469 1354 747 1411 Produkt
796 1355 1131 1411 vereinzelt
1165 1355 1493 1411 stehender
1525 1355 1722 1411 hoher
1755 1356 2173 1413 Gartenkunst
2222 1357 2323 1424 ist,
2367 1357 2509 1426 jene
2546 1355 2791 1425 pracht-

250 1444 455 1500 vollen
511 1444 772 1513 Gemüse,
821 1442 1131 1513 Wurzeln-,
1181 1444 1473 1499 Knollen-
1524 1444 1644 1499 und
1682 1443 2067 1514 Obstsorten,
2119 1446 2215 1501 die
2251 1447 2359 1500 wir
2400 1443 2506 1500 auf
2536 1445 2792 1501 Garten-

250 1532 731 1602 Ausstellungen
780 1532 1169 1602 bewundern,
1200 1532 1369 1587 .wird
1419 1531 1578 1589 ohne
1628 1531 1874 1589 Zweifel
1922 1534 1985 1589 in
2035 1534 2144 1590 der
2178 1530 2794 1590 Gartenwirthschaft

253 1621 361 1677 der
408 1617 678 1677 Zukunft
734 1620 1128 1690 allgemeines
1178 1621 1514 1691 Ergebniss
1572 1620 1832 1678 werden.
1930 1622 2006 1678 So
2067 1622 2217 1678 wird
2266 1622 2407 1692 jede
2459 1623 2790 1678 Commune

252 1710 389 1765 eine
438 1709 531 1765 bis
581 1727 652 1764 zu
704 1710 900 1766 einem
950 1711 1247 1780 gewissen
1299 1709 1495 1766 Grade
1528 1709 2065 1778 abgeschlossene
2112 1709 2525 1767 Wirthschaft
2573 1709 2790 1765 haben.

251 1797 397 1854 Der
431 1798 844 1867 Gegensatz
880 1799 1243 1855 zwischen
1281 1797 1695 1855 Stadt-und
1725 1797 2442 1869 Landbevölkerung
2491 1800 2594 1855 ist
2634 1815 2795 1854 ver-

253 1886 727 1955 schwunden,
779 1887 901 1943 das
951 1885 1064 1943 für
1109 1886 1271 1943 Alle
1320 1886 1612 1957 gleiche
1665 1887 2202 1943 Culturniveau
2254 1886 2599 1944 erreicht.

428 1975 662 2031 Unsere
712 1975 1067 2046 bisherigen
1116 1974 1488 2046 Ergebnisse
1539 1975 1737 2031 lassen
1790 1976 1922 2032 sich
1972 1977 2035 2031 in
2084 1974 2406 2046 folgender
2437 1975 2641 2032 Weise
2692 1991 2795 2029 zu-

253 2062 726 2121 sammenfassen
753 2083 765 2119 :

434 2172 489 2226 1.
547 2170 669 2226 Das
729 2170 886 2226 Volk
950 2170 1174 2227 besitzt
1241 2170 1345 2227 das
1410 2171 1603 2239 volle,
1674 2170 2269 2241 uneingeschränkte
2341 2170 2795 2227 Selbstbestim-

548 2260 963 2329 mungsrecht.
1059 2255 1258 2316 Einen
1306 2260 1892 2330 Klassengegensatz
1943 2259 2112 2329 giebt
2154 2266 2216 2316 es
2268 2260 2441 2315 nicht
2489 2259 2679 2327 mehr,
2732 2275 2795 2314 es

550 2348 846 2404 existiren
903 2348 1105 2405 weder
1150 2348 1491 2404 Herrscher
1546 2348 1705 2404 noch
1752 2348 2192 2417 Beherrschte,
2260 2348 2460 2404 weder
2506 2348 2800 2417 Regierer

540 2436 699 2492 noch
748 2437 1057 2507 Regierte.
1148 2437 1264 2493 Die
1324 2436 1813 2493 demokratische
1866 2436 2220 2507 Gleichheit
2278 2438 2341 2511 in
2392 2436 2499 2493 der
2549 2436 2794 2493 Gleich-

540 2524 819 2596 ordnung
867 2527 950 2582 ist
996 2525 1370 2582 vorhanden.

434 2612 489 2667 2.
549 2613 682 2669 Alle
719 2614 1003 2685 wichtige
1053 2614 1463 2683 industrielle,
1513 2614 1916 2684 gewerbliche
1967 2614 2088 2669 und
2137 2613 2604 2671 ackerbauliche
2639 2613 2795 2669 Thä-

540 2702 762 2771 tigkeit
794 2703 877 2758 ist
910 2703 972 2758 in
1008 2703 1106 2759 die
1136 2702 1702 2773 Grossproduktion
1739 2688 2205 2773 übergegangen
2242 2702 2363 2758 und
2398 2702 2796 2770 concentrirt,

541 2789 639 2846 die
672 2790 1093 2848 Distribution
1144 2789 1458 2848 ebenfalls.
1518 2791 1652 2848 Alle
1688 2791 2044 2862 Thätigkeit
2091 2791 2240 2847 wird
2275 2787 2796 2862 gesellschaftlich

542 2876 650 2933 auf
692 2877 1246 2937 fortschreitender
1294 2878 1697 2950 Stufenleiter
1742 2880 2058 2951 ausgeübt.

432 2965 489 3023 3.
546 2966 663 3024 Die
715 2968 1091 3038 Gegensätze
1150 2976 1332 3025 unter
1380 2968 1496 3025 den
1547 2969 1863 3025 einzelnen
1911 2966 2305 3025 Berufsarten
2367 2969 2428 3022 in
2481 2965 2790 3034 Gewerbe,

539 3055 818 3112 Verkehr
863 3056 989 3113 und
1021 3057 1328 3114 Industrie
1380 3056 1518 3113 sind
1567 3057 1760 3114 durch
1810 3057 1907 3114 die
1941 3054 2621 3126 Berufserleichterung
2670 3054 2793 3110 und

541 3144 637 3200 die
671 3145 1095 3215 Möglichkeit,
1146 3162 1265 3202 von
1298 3145 1431 3201 dem
1465 3147 1644 3202 einen
1695 3146 1758 3201 in
1795 3145 1899 3201 das
1944 3145 2188 3214 andere,
2241 3147 2327 3201 sei
2364 3153 2427 3201 es
2471 3142 2796 3212 zeitweilig

544 3232 693 3288 oder
725 3234 1017 3304 dauernd,
1053 3233 1500 3304 überzugehen,
1536 3234 1990 3304 ausgeglichen.
2051 3233 2345 3291 Dasselbe
2380 3233 2463 3290 ist
2495 3231 2795 3289 zwischen

543 3320 660 3377 den
728 3331 1073 3393 genannten
1121 3320 1683 3393 Beschäftigungen
1752 3322 1876 3378 und
1934 3322 2069 3380 dem
2117 3321 2438 3379 Ackerbau
2488 3321 2596 3377 der
2641 3319 2794 3375 Fall.

540 3409 666 3464 Der
713 3411 964 3483 heutige
1017 3412 1354 3482 Gegensatz
1412 3412 1713 3468 zwischen
1761 3411 1970 3468 Land-
2030 3411 2153 3467 und
2192 3408 2797 3478 ’Stadtbevölkerung

543 3498 655 3553 mit
720 3500 889 3556 ihrer
944 3501 1328 3557 Interessen-
1398 3500 1519 3556 und
1578 3500 1913 3570 Bildungs-
1948 3497 2477 3557 Verschiedenheit
2543 3497 2626 3553 ist
2693 3497 2796 3552 be-

544 3583 842 3661 seitigt*).

399 3755 451 3821 *)
500 3756 640 3807 Herr
677 3754 822 3808 Prof.
861 3756 973 3807 Ad.
1012 3757 1300 3822 Wagner
1346 3758 1493 3809 kann
1533 3759 1650 3810 sich
1689 3759 1747 3809 in
1786 3758 1907 3810 dem
1946 3757 2115 3809 schon
2154 3755 2377 3807 citirten
2418 3755 2585 3807 Werk
2633 3755 2796 3807 keine

255 3827 608 3892 Vorstellung
633 3828 879 3888 machen,
918 3841 1024 3878 was
1050 3828 1265 3879 werden
1292 3828 1410 3891 soll,
1449 3844 1602 3880 wenn
1641 3828 1739 3880 der
1763 3829 1946 3881 kleine
1973 3825 2349 3879 Bauernstand
2384 3825 2798 3878 verschwindet.

254 3898 334 3949 Er
371 3904 490 3963 sagt
528 3898 777 3950 wörtlich
818 3897 871 3948 S.
911 3896 1038 3950 643:
1099 3898 1240 3960 „Das
1278 3899 1489 3964 private
1526 3899 1710 3952 kleine
1748 3898 2028 3950 ländliche
2068 3896 2575 3961 Grundeigenthum
2623 3895 2799 3948 bildet

257 3969 380 4020 eine
421 3968 593 4020 durch
631 3969 793 4020 keine
833 3967 1035 4020 andere
1060 3968 1431 4033 Einrichtung
1467 3986 1534 4019 zu
1575 3968 1889 4022 ersetzende
1929 3968 2313 4019 ökonomische
2341 3968 2494 4019 Basis
2521 3967 2609 4019 für
2636 3968 2813 4018 einen.

257 4040 695 4104 hochwichtigen
752 4039 913 4091 Theil
979 4039 1075 4091 der
1127 4039 1542 4104 Bevölkerung,
1606 4041 1765 4092 einen
1828 4038 2273 4103 unabhängigen,
2336 4038 2798 4102 selbstständigen

256 4110 637 4162 Bauernstand
676 4110 788 4161 und
828 4110 1019 4163 dessen
1047 4109 1509 4175 eigenthümliche
1545 4109 2008 4175 sozialpolitische
2039 4109 2290 4174 Stellung
2328 4108 2437 4159 und
2465 4108 2796 4160 Funktion.“

258 4180 436 4230 Wenn
477 4180 575 4232 der
612 4190 884 4246 genannte
924 4183 1099 4233 Autor
1145 4181 1298 4233 nicht
1338 4195 1434 4231 aus
1473 4180 1680 4232 blosser
1718 4180 2121 4232 conservativer
2159 4180 2409 4245 Neigung
2448 4179 2478 4230 ä
2517 4185 2638 4231 tout
2674 4176 2796 4244 prix

260 4250 346 4300 für
384 4250 572 4303 diesen
610 4251 833 4303 kleinen
870 4250 1252 4303 Bauernstand
1290 4251 1602 4313 schwärmt,
1653 4250 1782 4301 wird
1825 4266 1883 4302 er
1921 4251 2162 4316 zugeben
2203 4258 2443 4302 müssen.
2494 4250 2616 4301 dass
2654 4248 2795 4298 nach

259 4320 467 4371 meiner
504 4323 814 4387 bisherigen
840 4322 1156 4388 Darlegung
1193 4322 1440 4373 derselbe
1479 4321 1596 4372 sich
1624 4322 1801 4373 weder
1839 4323 1895 4372 in
1935 4321 2033 4372 der
2070 4320 2615 4373 beneidenswerthen
2650 4318 2796 4381 Lage

260 4389 526 4454 befindet,
575 4392 665 4444 die
705 4408 764 4444 er
801 4393 991 4458 glaubt
1031 4400 1410 4444 voraussetzen
1450 4408 1517 4442 zu
1555 4392 1800 4455 können,
1859 4393 1999 4444 noch
2040 4391 2161 4443 dass
2203 4408 2261 4442 er
2300 4392 2385 4442 für
2424 4390 2511 4441 die
2549 4388 2795 4441 Zukunft

261 4460 317 4510 in
376 4462 555 4512 seiner
603 4463 847 4528 jetzigen
888 4463 1139 4528 Stellung
1196 4465 1285 4515 ein
1343 4462 1647 4514 nützliches
1688 4463 2120 4515 Culturelement
2160 4462 2370 4513 “bildet.
2444 4461 2555 4512 Der
2610 4459 2795 4510 kleine
