3068 4660
1289 144 1376 154 —
1474 118 1596 173 180
1687 132 1771 168 —

268 297 364 352 die
414 293 807 351 Menschheit
856 292 1328 362 eingeschlagen
1379 291 1618 348 werden
1677 291 1941 348 können.
2040 290 2267 347 Sinken
2314 293 2426 348 wir
2486 294 2565 347 im
2617 292 2812 350 Laufe

267 387 370 440 des
420 380 738 454 Kampfes,
805 397 870 437 so
940 386 1136 436 treten
1211 396 1429 436 unsere
1479 380 1936 436 Nachkommen
1998 379 2119 435 und
2169 380 2265 435 die
2316 397 2428 437 uns
2477 382 2804 437 Nachstre-

255 470 504 528 benden
552 469 649 528 für
696 486 810 526 uns
860 468 988 536 cin;
1038 469 1148 523 wir
1196 468 1413 524 sinken
1462 469 1524 523 in
1567 468 1700 525 dem
1732 468 2176 536 Bewusstsein,
2227 484 2447 525 unsere
2482 468 2805 539 Schuldig-

267 562 396 617 keit
442 561 531 617 als
578 557 913 615 Menschen
963 556 1188 626 gethan
1238 574 1311 612 zu
1361 557 1579 626 haben,
1630 558 1752 612 und
1801 557 1938 613 dass
1989 556 2093 612 das
2141 556 2271 613 Ziel
2321 556 2591 613 erreicht
2634 558 2814 625 wird,

268 651 377 706 wie
443 650 659 705 immer
726 646 823 703 die
891 644 1024 701 dem
1073 646 1454 702 Fortschritt
1525 647 1631 701 der
1677 645 2070 702 Menschheit
2136 643 2510 702 feindlichen
2555 646 2810 704 Mächte

267 738 400 795 sich
451 737 719 807 dagegen
773 732 1059 791 sträuben
1112 740 1349 804 mögen.

775 4451 1166 4498 Schweizerische
1195 4449 1779 4501 Vereinsbuchdruckerei,
1811 4435 2296 4499 Hottingen
2077 4435 2101 4501 -
2124 4435 2296 4499 Zürich.
