2752 4774
871 255 1854 324 Verzeichnis der Litteratur.
2341 255 2559 333 535
1103 421 1606 496 J. Smith.
196 526 1906 613 1. Report on the theory of numbers. Verke. [364]
960 678 1742 769 L. Stiekelberger.
196 785 2559 875 1. Ueber eine Verallgemeinerung der Kreisteilung. Math. Ann. Bd. 37. 1890.
196 871 542 957 1387]
1119 1026 1583 1102 . Tano.
196 1133 2559 1221 1. Sur quelques thormes de Dirichlet. ourn. fr Math. Bd. 105. [285]
1085 1286 1622 1362 J. Veber.
196 1403 252 1472 1.
265 1392 2559 1479 Thoorie der Abel'schen Zahlkrper. Acta Math. Bd. 8 und 9. 1886 und 1887.
261 1483 699 1572 [339, 376]
196 1570 2559 1655 2. eber Abel'sche Zahlkrper dritten und vierten Grades. Sitzungsber. der
196 1655 2181 1745 Ges. zur Frderung der Naturw. zu Marburg. 1892. 390]
196 1745 2559 1831 3. Zahlentheoretische Untersuchungen aus dem Gebiete der elliptischen
262 1831 2559 1917 Functionen. Nachr. der K. Ges. der Viss. zu Gttingen. 1893. (Drei
264 1924 793 2010 Mitteilungen.)
196 2003 2559 2097 4. Lehrbuch der Algebra. Bd. 2. Braunscheig 1896. [318, 333, 376, 390]
196 2276 248 2348 1.
1024 2163 1686 2238 P. Volfs ehl.
266 2268 2559 2355 Beweis, dass der zweite Factor der lassenanzahl fr die aus den elften
264 2356 2559 2442 und dreizehnten Einheitswurzeln gebildeten Zahlen gleich eins ist. ourn.
260 2444 1279 2526 fr Math. Bd. 99. 1885. [364].
