2752 4775
193 1685 393 1759 8. 177.
193 1775 395 1847 8. 180.
193 1863 397 1934 8. 182.
193 1948 396 2020 8. 185.
193 2405 398 2478 8. 192.
193 2581 397 2652 8. 200.
193 2933 396 3004 8. 204.
193 4250 403 4324 S. 238.
297 1380 946 1510 Druclfehler,
977 1380 1771 1511 Berichtigungen
1802 1380 2025 1491 und
2048 1380 2534 1491 Iusätze.
458 1671 1934 1766 Z. 3 v. u. Statt ,,diess'' lies: ,,eine solehe'.
456 1770 2613 1856 . 14. Statt ,,bestimmende Zahl' lies: ,,bestimmende ganze Zahl''.
456 1859 634 1933 7. 5.
648 1856 1531 1945 Füge ein ,ſTummer 5, s]
457 1943 2613 2032 . 11. Man hat nämlich den ülfssatz 2 auf diejenigen zwei Fune—
459 2033 2613 2115 tionen der einen Verändorlichen æ anzuwenden, welche aus und R
464 2122 1409 2202 entstehen, wenn man darin
539 2188 2553 2319 u, u — u 1), ,, 41r1
458 2319 791 2387 einsetzt.
460 2400 2614 2488 Z. 9. Füge hinzu: ,,vorausgesetzt, dass a und b zu einander prim
458 2492 721 2562 sind.
458 2574 2614 2659 . 75 v. u. Inwiefern Ideale eines örpers zugleich auch als
456 2663 2614 2750 Ideale eines höheren Körpers aufgefasst werden können, wird auf
454 2749 2614 2838 8. 204 Z. 12-1 auseinandergesetzt. Vgl. überdies den hier folgen-
458 2839 1231 2937 den Zusatz zu S. 204.
461 2926 2614 3014 . 12-19. Dass ir berechtigt sind, unter den angogebenen Um-
459 3014 2614 3107 stãnden (,·,,,) ugleich als ein Ideal in c und in anzusehen,
458 3101 2614 3194 lehrt der folgende Satz: Venn i,  ,, und α, ..., a ganze
459 3188 2614 3284 Zahlen in c sind, so dass in X die beiden Ideale J — (, u,
462 3277 2614 3371 und J* ((,, a) mit einander übereinstimmen, so stimmen
461 3364 2614 3460 auch in t dis beiden Ideale j - (a,, . ,) und j*— (a, ..., α)
459 3453 2614 3542 mit einander überein. In der That, egen der Voraussetzung gilt,
461 3541 2614 3636 wenn ak eine der Zahlen c, , a bedeutet, eine Gleichung von
460 3629 2614 3725 der Gestalt a'* =A, · · ·— A,,, o A,,, A, gewisse ganze
459 3715 2614 3793 Zahlen in T sind. Venn wir nun von beiden Seiten dieser Glei-
461 3805 2614 3894 chung die Relativnorm bilden, so erkennen wir, dass im örper l
744 3877 911 3918 K,⸗
462 3889 2614 3983 die Zahl a durch teilbar sein muss; infolgedessen ist in e auch
464 3981 2614 4070 a durch j und daher auch jk durch j teilbar. Da in gleicher Veise
467 4069 2614 4157 das mgekehrte gozeigt werden kann, so haben wir notwendig in e
464 4156 1205 4244 die Gleichung j j*
461 4243 2614 4338 . 12-13. Statt: ,,in welchom i, ,, dis Basis eines Ringideals
464 4334 2614 4419 bilden' lies: ,,in welchem, wenn A eine geeignet geählte ganze
