2744 4774
92 2875 301 2944 8. 346.
92 3313 305 3388 S. 367.
92 3401 308 3476 S. 367.
620 287 1981 373 Druckfehler, Berichtigungen und Zusätze.
2327 287 2482 368 539
351 451 2483 572 , zusammengesetzten örpers in Bezug auf e gt cyklisch
351 558 2483 648 vom Grade . Vir entnehmen hieraus, dass, wenn das kleinste
346 646 2483 737 gomeinsame Vielfache der Zahlen i, bedeutet, die Relativ—
348 735 2483 844 gruppe von e in Bezug auf l eine cyklische Untergruppe von
347 837 2483 930 höherem als dem ften Grade enthalten kann. Da c als Trägheits-
348 922 2483 1018 örper des Primideals P eine cyklische Relativgruppe in Bezug auf
348 1000 2483 1108 , besitzen muss und der Körper , den Körper L? onthält, so
350 1099 2483 1198 folgt, dass jene cyklische Relativgruppe von e in Bezug auf e
351 1186 1244 1266 höchstens den Grad f hat.
426 1274 2483 1360 Andererseits stellen wir folgende Betrachtungen an. Die beiden
351 1343 2483 1455 örper und , haben den Körper e, aber keinen Körper
349 1452 2483 1552 höheren Grades als gemeinsamen nterkörper, da sonst p i
351 1551 2483 1638 noch weiter zerlegbar sein müsste. Desgleichen haben die beiden
351 1621 2483 1733 Körper und , den Körper zum grössten gemeinsamen
353 1724 1573 1834 Unterkörper. Vir legen nun
1588 1745 2483 1820 als Rationalitätsbereich zu
354 1831 1573 1923 Grunde; es ist dann , ein solcher
1580 1832 2483 1921 Relativkörper in Bezug auf
357 1917 2483 2029 , der eder mit , noch mit einen Relativkörper in Bezug
355 2022 2483 2132 auf gemein hat. ieraus schliessen wir ohne Mühe, dass
357 2172 1282 2256 höchstens vom Relativgrade
1283 2132 2483 2273 i ;n Bezug auk sein kann.
1974 2226 2085 2270 2
357 2281 2483 2421 Der Körper , ist daher höchstens vom Grad i . h. die
356 2436 2483 2530 Relativgruppe von e in Bezug auf hat mindestens den Grad f.
355 2522 2483 2612 Dies zusammen mit der oben bewiesenen Thatsache zeigt, dass der
356 2612 2483 2702 Grad der Relativgruppe von in Bezug auf c gleich f sein muss,
360 2692 2483 2786 womit sich für den gogenwärtig betrachteten besonderen Fall die
356 2788 1378 2876 Aussage des Satzes 125 deckt.
354 2870 2483 2959 Z. 6 v. u. u. s. f. Venn in einem beliebigen örper c ein Ideal j
357 2961 2483 3049 und zwei gebrochene Zahlen a, vorgelegt sind, so soll die Con-
356 3046 2483 3139 gruenz α nach j besagen, dass es in e eine zu j prime Zahl
357 3134 2483 3227 μ giebt, für welche μα, μ ganze Zahlen in werden und überdies
358 3223 1576 3314 die Congruenz μα S uß nach j gilt.
358 3310 1584 3396 eile 3 — 6. Statt setze überall b.
359 3396 2483 3485 Zeile 3. Statt ,,eine ganze Zahl oder ein beliebiges Ideal setze
369 3486 1513 3575 ,,ein beliebiges zu l primes Ideal'.
