2744 4775
530 1605 1221 1720 Verzeichnis
1253 1605 2206 1723 der Litteratur.
122 1788 2554 1857 Die hinter jeder einzelnen Abhandlung in eekiger Klammer beigefügten Zahlen bezsichnen die
487 1859 2165 1924 Seiten des Berichtes, auf denen die Abhandlung genannt ist.
1054 2022 1611 2098 N. J. Abel.
122 2126 2550 2213 1. Extraits de quelques lettres à olmboe. Verke. Bd. 2 S. 254. [517]
1073 2283 1572 2358 F. Arndt.
122 2387 2554 2476 1. Bemerkungen über die Verwandlung der irrationalen Quadratwurzel in
146 2476 2182 2566 einen Kettenbruch. ourn. für Math. Bd. 31. 1846. [285]
993 2629 1653 2706 P. Baehmann.
154 2738 210 2809 1.
230 2735 2554 2823 ur Theorie der complexen Zahlen. Journ. für Math. Bd. 67. 1867.
228 2822 658 2911 [321, 39o]
151 2913 2554 3000 2. Die Lehre von der Kreisteilung und ihre Beziehungen zur Zahlentheorie.
161 2998 984 3086 Leiprig 1872. [334]
150 3087 2554 3175 3. Ergãnzung einer Untersuchung von Dirichlet. Math. Ann. Bd. 16. 1880.
228 3175 494 3264 1321]
945 3331 1701 3406 J. Berkenbusch.
122 3437 2554 3525 1. eber die aus den 8ten Vurzeln der Einheit entspringenden Zahlen.
234 3527 1735 3613 Inauguraldissertation. Marburg 1891. [364]
1006 3680 1658 3770 A. L. Cauehy.
122 3786 2523 3874 1. Mémoire sur la théorie des nombres. Comptes rendus. 1840. [386]
122 3874 2554 3962 2. Mémoire sur diverses propositions relatives à la théorie des nombres.
235 3961 1782 4053 (Drei Noten.) Comptes rendus. 1847. [517]
155 4227 214 4299 1.
238 4225 460 4299 Tables
236 4316 464 4396 dépuis
1068 4122 1598 4208 A. Cayley.
484 4226 2554 4315 des formes quadratiques binaires pour les déterminants nègatifs
475 4314 2554 4396 D — —1 jusqu'à D- — 100, pour les déterminants positifs non
