2463 2578
769 282 800 324 x
1167 248 1650 328 EA

1557 320 1646 330 na

858 380 964 429 Quem
982 379 1070 415 enim
1085 380 1184 427 fugit,
1200 383 1269 418 Lat,
1286 384 1396 418 litteris
1412 384 1555 420 imbutos
1573 386 1802 431 adolefcentes
1791 379 1807 431 ,
1819 393 1926 426 ceteris
1943 395 2043 428 etiam

718 467 726 472 -
773 439 961 485 difciplinis,
990 451 1122 474 morum
1146 442 1310 486 doctrina,
1337 445 1483 480 hiftoriae
1506 455 1597 490 atque
1624 449 1838 493 geographiae
1860 454 2042 496 cognitione

770 500 992 544 mythologia,
1016 502 1236 548 antiquitatum
1253 506 1366 538 notitiz
1410 527 1459 534 —
1505 507 1629 541 imbui?
1659 507 1889 552 Quisignorat,
1912 512 2041 555 juuenes
2061 542 2063 544 .

768 560 838 595 Lat,
859 562 965 605 lingua
979 561 1147 595 innutritos
1164 562 1356 599 humanitate
1374 573 1404 599 et
1418 567 1483 600 iam
1498 568 1665 601 innutriri?
1689 567 1752 601 Cui
1768 581 1836 603 non
1859 571 2043 613 perfuaßfßi-

767 631 862 654 mum
880 622 940 661 eft,
963 621 1029 654 Lat.
1045 622 1173 665 linguae
1186 625 1287 658 Audio
1303 627 1461 660 initiatum
1479 627 1648 661 Mufarum
1664 637 1793 672 quoqte
1808 630 1899 663 facris
1914 631 2043 673 initiari,

765 679 856 724 hujus‘
877 692 939 723 que
960 684 1135 727 praeceptis
1161 682 1317 719 formatos
1340 686 1523 720 falutaribus
1549 689 1645 722 etiam
1663 689 1727 722 .aliis
1744 690 1889 725 inflitutis
1903 692 2041 726 formari

764 739 944 782 fqualorem
965 747 995 773 et
1010 741 1193 785 rubiginem
1209 745 1309 779 menti
1325 747 1456 790 detergi,
1480 755 1511 781 et
1526 744 1691 791 ingenium
1706 751 1846 795 juuenile
1861 751 1947 785 fenili
1963 763 2041 798 pru-

767 799 872 833 dentia
893 799 1016 834 imbui?
1044 802 1129 835 Cum
1153 804 1212 836 hac
1231 806 1337 848 lingua
1358 817 1471 839 omnes
1487 808 1583 851 prifei
1600 807 1686 841 orbis
1701 810 1836 844 thefauri
1853 813 1945 846 aetati
1962 812 2038 846 huic

766 855 979 900 recluduntur,
1002 871 1115 895 omnes
1129 874 1176 896 res
1196 866 1354 908 praeclare
1375 867 1475 909 geftae
1490 870 1678 913 optimaque
1691 881 1833 915 quaeque
1848 883 2036 915 proponun-

765 925 835 951 tur:
858 917 950 961 hufus
965 931 1026 963 ope
1042 922 1235 964 linguarum
1240 926 1500 968 peregrinarum
1483 917 1503 972 ,
1518 936 1627 971 vtpote
1641 926 1786 963 Franco.-
1795 930 1952 972 Gällicae
1944 922 1955 972 ,
1973 932 2035 965 Ita-

764 976 843 1011 licae
885 996 934 1002 —
978 976 1112 1013 ftudium
1140 993 1372 1025 promouetur,
1388 985 1491 1019 fenfus
1508 989 1576 1021 veri
1593 996 1623 1022 et
1638 988 1723 1030 falfi,
1737 990 1863 1033 pulchri
1880 998 1911 1024 et
1924 992 2032 1024 minus

763 1037 888 1080 pulchri.
910 1049 1037 1080 voxque
1056 1041 1119 1082 ipfa
1141 1043 1296 1084 juuenum
1312 1040 1545 1079 conformatur.
1666 1090 1669 1094 ;
1787 1059 1794 1062 6
1962 1059 1966 1063 f

846 1088 923 1130 Inde
938 1110 1064 1142 quoque
1079 1099 1203 1135 fcholae
1218 1103 1289 1135 iftae
1306 1113 1376 1147 apta
1393 1104 1596 1141 humanitatis
1609 1108 1770 1142 domicilia
1785 1108 1948 1154 fedefque,
1973 1110 2030 1144 do-

762 1154 952 1200 Ctorumque
968 1159 1124 1201 virorum,
1141 1157 1194 1203 qui
1217 1174 1330 1196 onınes
1350 1164 1541 1207 reipublicae
1558 1176 1659 1209 partes
1684 1169 1843 1209 ornarint,
1865 1168 2029 1203 formatri-

758 1226 810 1248 ces
830 1216 1014 1259 altricefque
1031 1219 1115 1252 recte
1130 1230 1292 1263 vocantur,
1316 1224 1358 1264 id,
1381 1225 1466 1271 quod
1483 1227 1530 1258 vel
1545 1227 1675 1259 fummo
1692 1229 1765 1261 loco
1780 1230 1844 1262 nati
1860 1237 1927 1262 tum
1944 1238 2027 1263 tem-

748 1277 848 1317 "poris
874 1276 933 1309 viri
954 1288 1020 1310 non
1041 1280 1245 1321 ignorarunt,
1278 1293 1343 1325 quo
1363 1282 1440 1317 haec
1459 1285 1554 1318 ftudia
1574 1288 1717 1320 maxime
1736 1286 1912 1330 florebant,
1940 1289 2025 1323 filios

760 1333 832 1368 fuos
856 1336 889 1368 in
914 1337 1114 1380 difeiplinam
1131 1341 1268 1374 noftram
1284 1342 1454 1376 mittentes.
2025 1371 2031 1382 '

839 1395 889 1428 Ex
898 1396 1045 1440 pluribus
1060 1410 1127 1432 non
1140 1400 1196 1433 nifi
1204 1412 1319 1444 paucos
1335 1414 1602 1469 Commeinorare
1612 1407 1705 1441 nobis
1719 1409 1821 1451 liceat,
1833 1419 1973 1452 quorum
1989 1411 2023 1442 in

754 1454 872 1488 Anna
859 1453 1053 1500 -Sophianei
1067 1456 1147 1492 faftis
1163 1459 1330 1495 fitmentio

837 1515 905 1548 Ita
900 1528 1026 1560 juuenes
1041 1521 1153 1552 veteris
1168 1521 1330 1564 profapiae
1346 1524 1582 1569 multarumque
1597 1527 1775 1570 imaginum
1786 1556 1795 1570 ,
1818 1540 1876 1572 per
1890 1530 2022 1564 illuftres

753 1584 789 1607 ac
810 1577 1036 1618 generofiflimi
1063 1577 1101 1611 ab
1125 1590 1361 1624 ASSEBVRG,
1393 1595 1411 1615 a
1435 1595 1584 1626 BEYER,
1607 1598 1623 1619 a
1652 1587 1961 1631 GADENSTEDT,
1984 1591 2022 1624 ab

752 1644 985 1678 HONROTH,
1029 1637 1067 1670 ab
1110 1649 1246 1683 HOYM,
1292 1654 1311 1674 a
1351 1654 1547 1689 KOTZEN,
1576 1658 1593 1678 &
1623 1658 1828 1689 KROSIGK,
1862 1662 1878 1682 2
1909 1661 2021 1684 MVT-

752 1704 993 1737 SCHENFAL,
1022 1696 1060 1730 ab
1090 1696 1457 1744 OLDERSHAVSEN,
1487 1717 1503 1738 3
1527 1716 1707 1751 SCHENK,
1735 1721 1752 1741 a
1775 1720 2020 1753 SCHLADEN,

752 1740 793 1786 ab
834 1764 1107 1797 VCHTERITZ,
1151 1769 1167 1790 a
1211 1770 1549 1807 WEFERLINGEN,
1585 1779 1601 1799 a
1638 1779 1967 1813 WENDHAVSEN,
2000 1784 2019 1805 8

751 1822 940 1845 WVLFEN
985 1818 1032 1840 —
1077 1817 1168 1850 Anna
1178 1817 1361 1861 Sophianei
1386 1820 1515 1857 fuerunt
1540 1827 1661 1859 alumni
1684 1835 1715 1860 et
1736 1829 1793 1862 fub
1808 1829 1891 1863 haud
1906 1833 2018 1874 poeni-

750 1873 852 1905 tendis
875 1873 1026 1928 magiflris,
1052 1875 1188 1921 Hagiis,
1213 1878 1462 1924 Leidenfrofiis,
1487 1885 1636 1922 Maderis
1644 1912 1656 1927 5
1677 1889 1899 1946 Augspurgiis,
1908 1893 2016 1926 Goetz-

750 1934 816 1972 3is,
841 1933 992 1966 Noltenits
1007 1935 1236 1981 Cunoniburque
1253 1938 1368 1973 Yitteras
1384 1942 1575 1988 didicerunt,
1597 1946 1676 1990 quae
1699 1943 1907 1994 elegantiores
1929 1952 2013 1985 audi-

749 2000 815 2026 unt.
859 1978 983 2044 Quibus
998 1995 1148 2029 omnibus

1177 2058 1326 2106 Didicife
1339 2061 1484 2106 fideliter
1504 2075 1592 2103 artes

836 2111 912 2160 Non
933 2113 1053 2156 obfuit,
1084 2115 1136 2153 fed
1150 2119 1299 2164 profuitz
1322 2123 1359 2156 ad
1391 2124 1575 2174 altiflimum
1599 2129 1686 2163 enim
1711 2130 1893 2174 dignitatis
1883 2140 1916 2163 in
1938 2095 2006 2162 au

748 2172 782 2204 in
795 2173 896 2214 Curia,
916 2175 950 2208 in
963 2177 1067 2223 patria
1075 2176 1236 2241 faftigium
1251 2178 1495 2249 adfeenderunt,
1516 2173 1556 2221 ad
1569 2187 1704 2248 fumman
1733 2191 1752 2224 i
1743 2201 1777 2224 in
1791 2201 1856 2234 rep.
1874 2172 2006 2238 potefta-

1937 2257 2005 2284 tem
