2463 2578
0 374 76 434 tor
85 417 107 451 n

0 454 81 509 CO

0 518 26 557 lt,
45 531 109 574 Qu

0 570 33 622 fint
36 609 43 626 ;
56 579 112 639 fand

11 712 112 760 ACorum

0 777 108 832 rofluunt

8 839 70 889 longe
80 856 107 884 ta.

0 905 58 947 1MO$
70 921 106 947 Alle

5 1033 106 1076 Yitterarils,

0 1111 33 1143 45
40 1112 105 1147 GUAM

0 1174 19 1199 m
31 1175 62 1199 le
70 1162 104 1210 af

18 1226 101 1273 ‚Nonne

9 1292 100 1332 maxime

1 1384 8 1401 y
15 1365 103 1403 PUgNaCe

0 1432 14 1457 5.
29 1418 103 1455 milites

0 1480 104 1521 currendo

0 1560 37 1598 que
51 1543 104 1592 juftis

0 1678 19 1716 In
28 1674 110 1712 histam-

0 1750 42 1780 gar.
72 1731 112 1770 Flic

0 1804 52 1857 ons
58 1784 114 1846 exele

0 1880 28 1911 us
40 1865 77 1908 et;
92 1857 115 1894 B6

1 1931 68 1975 dendo
93 1918 116 1957 id

0 2003 38 2044 ft,
54 1989 117 2031 iO

0 2084 6 2108 )
17 2065 83 2113 uam
98 2056 116 2096 f

14 2109 116 2170 ad

0 2175 118 2243 ge

0 2263 21 2308 Il;
24 2258 44 2304 gt
51 2238 118 2305 fang"

6 2301 120 2340 ga

789 264 881 330 NZ
1003 264 1060 330 -$-
1183 267 1270 311 NE
1629 278 1662 310 v

392 398 472 421 nem
492 386 657 420 auctorem
675 384 766 418 fuum
784 392 923 423 vertant,
949 381 1058 416 exadte
1074 380 1163 415 fenfu
1187 381 1268 413 illius
1293 388 1402 414 eruto:
1425 385 1574 422 quantam
1596 376 1666 410 dili-

394 450 537 493 gentiam
556 446 744 485 adhibeant,
760 453 791 477 vt
806 452 991 487 argumenta
1010 455 1025 475 a
1041 442 1193 484 magiftris
1213 440 1303 474 huius
1320 440 1484 484 palacftrae
1500 449 1540 472 ex
1557 437 1666 470 omni-

395 508 453 543 bus
474 508 643 549 difeiplinis
659 505 817 549 propofita
834 504 901 536 ftilo
918 514 999 546 puro
1015 513 1050 534 ac
1064 501 1164 540 terfo,
1180 503 1233 544 qui
1250 502 1309 533 illis
1326 510 1493 533 armorum
1511 497 1603 531 inftar
1612 495 1665 535 eft,

398 568 551 601 reddendi
572 576 670 599 artem
690 564 871 596 condifcant
885 562 892 593 !

492 627 580 660 Bello
596 636 612 657 a
648 624 742 661 alla,
766 621 939 661 Politiano
955 619 1140 660 ,'Reuchlino,
1161 619 1288 663 Erafmo
1310 619 1482 662 ceterisque
1496 616 1672 650 litterarum

401 687 635 729 elegantiorum
659 681 934 721 reftauratoribus,
958 680 995 713 ab
1021 680 1087 723 ipfo
1110 680 1251 712 Barbaro
1276 676 1568 711 barbariei;fortiter
1589 674 1670 707 indi-

401 745 473 782 to,
497 755 573 786 quae
590 742 692 775 multa
710 741 830 774 faecula
845 739 960 774 orbem
980 740 1166 772 litterarium
1182 738 1406 776 infufcauerat,
1420 747 1516 780 quam
1537 732 1671 776 jucunda

402 805 444 837 eft
461 804 524 835 vifu
550 813 622 834 cum
646 802 708 834 hoc
724 801 811 833 hofte
838 811 841 832 a
861 801 944 843 pube
963 800 1109 831 Romana
1132 796 1296 830 commiffa
1322 808 1444 840 pugna,
1466 806 1563 839 quam
1586 803 1672 825 ‚am3a-

401 862 471 896 bilis
488 862 594 895 auditu
611 861 758 894 calliditas
778 859 945 902 cautioque
970 870 1005 890 ac
1022 856 1162 901 provifio
1181 855 1380 895 infidiarum,
1402 865 1482 898 quae
1499 853 1606 886 noftrö
1623 862 1673 884 ae-

401 934 444 955 u0
470 934 486 954 a
511 919 776 961 nouvellis}nefeio
799 918 913 961 quibus
938 914 1196 950 reftauratoribus
1218 915 1338 954 fcholis:
1362 916 1472 948 noftris
1494 914 1673 950 ftruuntur,

402 981 455 1018 fed
471 993 535 1019 tam
552 982 621 1014 cito
636 980 775 1013 vitantnr
790 989 825 1012 ac
841 978 1086 1021 propulfantur
1086 975 1100 1021 ,
1110 986 1204 1018 quam
1220 975 1299 1008 fiunt
1317 983 1550 1017 ponunturque.

490 1045 530 1078 In
546 1042 658 1075 militia
676 1040 830 1072 cuftodiae
846 1047 938 1080 atque
953 1037 1079 1079 vigiliae
1101 1036 1190 1068 valde
1213 1033 1398 1068 neceffariae
1420 1035 1498 1067 funt.
1556 1030 1594 1063 In
1621 1038 1676 1073 pa“

404 1106 510 1141 Jaeftra
526 1103 629 1137 noftra
643 1098 806 1134 intentiori
823 1108 895 1130 cura
912 1095 1069 1130 excubant
1091 1096 1273 1138 vigiliasque
1296 1101 1392 1137 agunt
1415 1093 1554 1131 tirones,
1577 1098 1610 1122 Vt
1625 1099 1675 1121 Ca-

404 1168 539 1202 flitatem
556 1163 760 1202 nitoremque
775 1158 975 1201 optimorum
993 1157 1182 1198 dcriptorum
1200 1154 1341 1190 feruent;
1364 1160 1395 1185 vt
1411 1161 1507 1195 genus
1524 1147 1678 1183 {cribendi

403 1235 436 1260 et
452 1226 577 1266 elegans
594 1229 624 1253 et
642 1219 806 1259 majeftatis
824 1218 956 1260 plenum
978 1215 1202 1257 adfequantur:
1226 1221 1259 1244 vt
1275 1221 1304 1245 et
1321 1211 1480 1245 fententiis
1497 1216 1628 1241 acutum
1645 1213 1677 1240 et

403 1286 605 1320 Iuculentum
625 1278 676 1313 (it:
700 1288 731 1311 vt
752 1286 782 1310 et
796 1288 893 1319 graue
911 1284 942 1308 et
957 1275 1073 1307 laetum
1091 1272 1269 1316 fequantur.

490 1341 588 1377 Haud
613 1341 720 1381 inepte
749 1339 895 1369 tironum
915 1335 1101 1369 noftrorum
1123 1332 1248 1367 dolertia
1271 1342 1347 1366 cum
1370 1340 1468 1375 apum-
1492 1326 1679 1364 mellatione

405 1402 622 1449 comparanda
639 1399 697 1433 effe
713 1398 845 1430 videtur,

616 1459 708 1494 Aliae
725 1458 813 1492 viefu
835 1456 1009 1504 inuigilant
1023 1464 1052 1489 et
1058 1454 1189 1499 focdere
1199 1452 1293 1500 pakko

542 1523 734 1557 Exercentur
756 1521 865 1563 agris;
886 1529 965 1563 pays
981 1520 1070 1550 intra
1082 1517 1171 1559 [epta
1186 1515 1345 1547 domorum

541 1578 677 1623 Narcifft
695 1580 869 1623 lacrymam
894 1586 922 1610 et
936 1577 1049 1610 lentum
1065 1575 1101 1608 de
1117 1575 1227 1606 cortice
1236 1571 1346 1617 gluten

539 1643 654 1678 Prima
660 1639 750 1685 fauis
767 1646 882 1682 ponunt
887 1636 1102 1681 fundamina
1097 1633 1109 1685 ,
1124 1633 1230 1666 deinde
1245 1640 1366 1664 tenaces

540 1701 735 1747 Su/pendunt
752 1710 858 1738 ceras;
880 1697 962 1730 aliae
968 1696 1058 1740 fpem
1067 1696 1175 1741 gentis
1190 1693 1233 1726 ad
1245 1691 1325 1726 altos

545 1764 683 1798 Educunt
691 1760 818 1804 foetus;
839 1757 922 1791 aliae
935 1754 1101 1802 purifima
1115 1753 1207 1787 mella

546 1825 698 1868 Stipant
690 1810 703 1868 ,
718 1829 747 1853 et
762 1819 881 1864 liquido
897 1817 1071 1862 diflendunt
1085 1813 1211 1849 netare
1228 1810 1330 1846 cellası

541 1885 641 1924 Sun,
666 1883 778 1926 quibus
792 1880 835 1913 ad
844 1887 958 1925 portas
973 1877 1085 1911 cecidit
1101 1874 1233 1920 cuflodia
1238 1871 1331 1917 forte

547 1945 640 1988 Inque
655 1946 755 1976 vicem
762 1940 967 1986 (peculantur
980 1950 1078 1984 aquas
1094 1945 1124 1971 et
1140 1934 1248 1970 nubila
1263 1932 1337 1967 cocli

548 2006 612 2039 Aut
629 2014 721 2037 onera
734 2004 892 2047 accipiunt
907 2002 1103 2038 venientum,
1125 2004 1181 2030 aut
1197 1996 1322 2040 agmine
1328 1987 1423 2036 Ja&o

551 2065 704 2109 Tgnauum
711 2063 802 2105 fucos
814 2072 906 2106 pecus
922 2072 941 2093 a
954 2056 1154 2104 praefepibus
1169 2063 1287 2090 arcent,

551 2124 664 2161 Feruet
681 2132 770 2168 opus,
793 2120 982 2166 redolentque
1000 2118 1104 2164 thymo
1108 2116 1305 2162 fragrantia
1320 2109 1422 2149 meNa.

1351 2171 1491 2214 (VvıRG,
1514 2163 1595 2200 Geo.
1608 2162 1688 2200 IV.)

1025 2236 1056 2272 A
1078 2245 1095 2279 3
1604 2223 1688 2257 Sicut
