2293 3120
562 273 687 324 Bom
702 276 931 331 verlobrnen
946 272 1093 328 Sohn,

297 371 325 398 in
341 365 451 409 fignum
468 365 598 397 Iuftitie,
624 375 682 393 non
699 366 727 393 In
745 362 859 393 caufam
874 359 1108 402 juftificationis.:
1127 364 1167 391 ita
1177 357 1316 390 confeflio
1330 357 1478 390 Sacerdoti

297 409 419 439 offertur
431 418 461 436 in
470 408 578 448 figaum
589 409 678 436 veniz
687 413 820 446 acceptz,
829 406 927 434 non.in
936 402 1054 433 caufam
1066 400 1238 433 temiflionis
1248 400 1431 441 accıpiendz,

295 497 388 548 Safer
401 506 472 555 uns
489 496 596 546 unfere‘
617 491 774 537 Simden
792 496 875 538 recht
896 496 1066 536 ertennen/
1087 498 1156 535 und
1175 486 1233 542 für
1245 492 1358 534 Gozz
1377 490 1472 537 unfer

80 561 83 595 1
145 545 174 602 |
177 555 266 602 Her
277 550 537 599 außfchutren/To
552 554 710 588 wirduns
720 549 843 588 Onade
855 549 1096 597 wiederfahren.
1107 546 1208 586 Was
1218 545 1472 594 iftrwohldiellre

81 615 82 650 |
177 607 245 655 Ifach
264 606 291 651 fo
309 605 402 643 vieler
424 596 620 649 fhüchrern/
643 600 879 648 erfhrockenen
899 604 968 638 und
987 598 1172 646 zaghafften
1194 592 1393 644 Gemührer/
1413 598 1470 634 als

81 662 84 733 |
174 656 323 700 vieleicht
335 655 408 707 eben
421 653 509 700 Diefe/
522 654 592 690 weil
612 655 767 690 niemand
780 652 865 693 nicht
878 652 1023 699 einmahl
1037 646 1145 703 redlich
1156 650 1298 688 beichret/
1310 652 1378 687 und
1390 646 1470 696 feine

178 705 313 747 Sünde
324 704 512 753 auffrichtig
521 706 680 742 bekennen,
712 701 770 742 Es
779 705 844 750 gibr
855 703 1028 752 Prediaer/
1038 707 1084 741 die
1094 700 1185 751 mehr
1196 699 1272 747 auff
1280 700 1329 745 ihr
1339 705 1407 738 und
1418 703 1471 736 der

173 754 320 810 Zuhörer
328 755 425 796 Mecl
434 760 490 794 als
500 755 549 801 ıhr.
575 753 652 794 Seel
667 754 764 803 fehen;
778 752 1060 800 Obrigkeitendie
1075 757 1134 792 den.
1148 750 1355 799 Eigen.Nus
1365 748 1469 798 meht/

176 816 230 850 als
246 817 292 848 die
313 811 454 856 gemeine
463 805 665 855 Wohlfahrt
677 808 857 845 bedencken,
868 805 1005 850 Wer
971 801 1007 856 if
1022 812 1192 844 unteruns
1211 804 1303 843 alen/
1313 809 1364 841 der
1375 801 1470 848 fagen

178 865 259 901 fan/
274 872 305 899 cr
326 859 403 909 habe
423 856 532 898 GOtr
548 858 710 905 jemahlen
729 857 906 904 gebeichtet/
923 867 983 894 wie;
1005 856 1137 896 Dantel
1155 866 1181 894 c.
1196 869 1224 900 9:
1237 853 1299 904 Sa
1322 850 1470 903 IE

178 919 272 954 mwir/
290 911 418 959 unfere
430 908 607 959 Könige,
624 908 751 957 unfere
769 906 930 958 Surfen
941 911 1020 948 und
1046 907 1168 956 unfere
1198 903 1316 959 WBater
1329 903 1471 953 müfjen

181 972 259 1005 uns
278 962 470 1012 (chamen/
482 962 554 1007 daß
568 970 641 1000 wir
654 969 732 1000 uns
750 969 802 999 an
813 961 871 999 dir
881 959 1122 1009 verfündiget
1137 958 1271 1009 haben,
1301 955 1471 1011 Sondern

182 1025 242 1053 wir
255 1018 412 1056 machens
421 1012 492 1049 alle/
507 1014 568 1050 mie
576 1016 632 1050 der
641 1011 827 1057 ungerechte
838 1009 1065 1058 HNaußhalter/
1078 1014 1146 1047 und
1161 1008 1316 1056 fhreiben
1325 1016 1405 1054 gern
1414 1004 1471 1054 fur

183 1079 254 1103 100,
271 1065 395 1114 Pfund
409 1075 464 1114 so.
477 1071 536 1100 an/
547 1066 608 1100 wir
622 1066 715 1099 reden
729 1067 802 1099 uns
817 1062 899 1109 auß/
920 1065 989 1099 und
1009 1059 1268 1108 verglimpffens.
1289 1054 1319 1104 fo
1338 1068 1397 1106 gut
1411 1060 1472 1094 wir

182 1113 319 1156 fönnen/
333 1121 408 1154 oder
420 1113 536 1164 troffen
550 1118 620 1150 ung
635 1123 694 1149 mir
708 1117 835 1150 andern
854 1113 1047 1160 Eyempeln,
1060 1112 1189 1149 Wann
1203 1121 1284 1148 man
1293 1109 1473 1153 jeeinmabhl

186 1169 266 1208 recht
277 1168 428 1205 beithtere/
445 1165 495 1213 for
506 1162 715 1208 srfFteSozz
727 1165 811 1202 nicht
821 1162 916 1210 folche
927 1159 1120 1207 fchröckliche
1146 1160 1298 1201 Torturen
1313 1160 1476 1208 gebrauche

185 1229 235 1257 en.
247 1218 392 1258 Sina;
406 1219 438 1252 St
460 1228 495 1250 u
512 1218 578 1264 ipte
599 1215 701 1250 fueris
722 1213 911 1254 acculator,
946 1219 960 1248 &
976 1215 1098 1248 DEUS
1110 1214 1289 1251 hberator,
1313 1213 1475 1259 quiderit

190 1271 349 1305 diabolus
370 1266 428 1304 nifi
449 1266 785 1312 catumniator
689 1261 705 1314 ?
719 1261 793 1314 fagt
806 1266 985 1314 Auguftin.
999 1266 1094 1300 ferm.
1110 1265 1161 1306 48.
1184 1268 1243 1302 das
1257 1264 1309 1306 it:
1329 1261 1477 1307 Wann

185 1324 235 1361 du
247 1319 329 1370 dich
343 1319 454 1369 felber
464 1319 527 1360 als
536 1319 642 1359 einen
653 1315 825 1361 Sander
836 1315 1049 1364 darftclleft/
1065 1316 1237 1365 unddich
1248 1312 1387 1359 S.Ditt
1399 1321 1477 1353 von

186 1375 248 1411 der
265 1369 563 1417 Sünd.erlöfet/
578 1379 664 1411 was
686 1370 782 1409 wird
797 1371 862 1408 der
878 1366 1225 1419 Zeuffelalsdann
1243 1366 1478 1415 feyn.alsein

183 1419 479 1466 DBerleumder
467 1416 479 1466 x
493 1420 581 1458 Nun
597 1421 729 1460 waslan/
749 1424 802 1457 der
817 1417 1026 1465 Alerhochfie
1048 1429 1162 1459 regtere
1180 1418 1290 1465 unfere.
1318 1416 1474 1459 Hersen
1461 1416 1474 1466 /

186 1479 257 1509 und
276 1472 447 1519 öfneuns
461 1472 581 1514 unfern
599 1470 733 1508 Mund,
744 1471 807 1518 daß
823 1475 883 1506 wir
898 1475 971 1506 uns
990 1469 1074 1506 nicht
1088 1467 1215 1514 fcheuen.
1228 1468 1308 1506 noch
1321 1463 1479 1512 fhamen/

190 1521 300 1571 unfere
315 1520 445 1565 Sutnde
454 1531 490 1565 zu
499 1521 638 1564 beichten
651 1524 718 1561 und
736 1528 771 1563 zu
780 1521 949 1560 befennen/
960 1518 989 1568 fo
1003 1523 1083 1559 wird
1094 1526 1132 1560 cs
1144 1520 1225 1565 recht
1234 1517 1365 1570 heijjen:

352 1624 446 1677 Der
459 1616 705 1689 Menfhfür
724 1619 867 1673 SGDft
876 1619 987 1678 wohl
1000 1618 1165 1681 feligift/

393 1684 527 1736 ‚Dem
541 1682 604 1728 die
623 1680 764 1729 Sund
781 1677 827 1736 if
836 1681 1050 1738 vergeben,

360 1741 463 1798 YHuß
476 1742 608 1788 lauter
623 1740 759 1790 Gnad
770 1739 892 1793 durch
932 1735 986 1798 SEC
1013 1740 1076 1792 um
1097 1735 1258 1796 Chrift/

421 1800 514 1851 Der
527 1800 612 1843 uns
626 1796 783 1844 erwarb
796 1797 880 1842 Das
894 1796 1039 1850 Leben,

359 1860 488 1913 Deckt
504 1868 550 1917 zu
563 1855 617 1905 all
636 1855 749 1913 unfer
763 1853 1007 1911 Miffethat/

364 1920 508 1982 Dahlt/
520 1918 617 1964 was
632 1926 671 1962 er
683 1914 791 1971 nicht
807 1913 1051 1969 verfhuldet
1063 1912 1140 1970 hat

88 1993 92 2007 '
415 1976 562 2035 Durch
582 1975 658 2034 fein
685 1974 803 2027 Blut/
815 1971 918 2023 Zod
937 1973 1022 2022 und
1036 1973 1321 2029 Wunden/2C,

649 2092 697 2145 N
774 2092 833 2145 NM
878 2092 1047 2143 EN

851 2746 1020 2800 Herzog
1035 2747 1203 2800 August
1224 2746 1462 2788 Bibliothek
1479 2746 1781 2789 Wolfenbüttel

852 2829 1101 2902 |
1219 2829 1348 2902 ||
1385 2819 1458 2909 Gray
1472 2819 1554 2909 Scale
