2294 3120
1255 295 1344 346 Die
1377 294 1500 364 Eiffee
1515 294 1686 364 Prosigt

805 376 939 416 Perdite
950 376 1029 415 vixi,
1042 375 1100 427 ich
1110 374 1201 429 habe
1214 373 1299 419 übel
1308 384 1419 428 gnug
1431 378 1594 429 gefehet7
1605 382 1675 416 und
1688 379 1785 418 funte
1794 383 1833 418 es
1841 378 1927 421 nicht
1937 373 2034 427 drger
2044 389 2113 417 mas

808 430 896 473 chen.
924 428 1122 475 Hertachin
1136 439 1274 477 peccata
1289 425 1530 476 parrıs,&,wau0y
1551 444 1588 463 =
1601 429 1715 477 fpricht
1735 438 1766 467 &r
1788 434 1867 471 Und
1882 430 1942 479 für
1961 435 2037 472 dir/
2052 429 2112 480 für

810 483 943 523 Deinen
952 479 1097 530 Augen
1112 493 1124 528 3
1136 483 1235 519 wider
1250 482 1302 517 die
1317 484 1437 519 andere
1446 479 1573 526 Taffel/
1584 482 1665 530 ohne
1702 479 1819 530 Scheu/
1831 480 1910 528 ohne
1922 481 2055 529 Forcht,
2066 481 2112 523 ich

812 531 890 581 habe
900 535 949 569 dir
956 538 1021 570 das
1032 535 1277 579 patzımonium
1291 531 1639 579 heraußgepocht/und
1649 534 1731 573 mich
1741 544 1836 572 unter
1843 535 1972 580 fanden
1983 535 2048 575 dich
2058 537 2113 580 ben

815 585 1012 630 Ebendigem
1023 583 1089 621 deib
1108 590 1144 634 zu
1161 583 1267 620 erben/
1284 583 1361 629 habe
1378 588 1492 621 deinen
1505 583 1620 629 fauren
1640 582 1804 633 Schweiß
1821 595 1879 622 mir.
1899 585 2021 630 Huren,
2044 594 2113 623 vers

812 635 923 683 praßt/
933 634 1050 675 manch
1061 631 1193 681 fdhjönes
1203 633 1303 673 Seld/
1316 637 1382 672 das
1392 638 1434 670 dur
1444 633 1672 683 auffgehoben/
1684 637 1903 683 durchaejagt/
1912 637 1958 677 ic)
1970 638 2039 674 bin/
2053 640 2113 674 mit

813 691 918 726 einem
927 684 1048 725 Wort
1059 690 1109 723 ein
1123 681 1208 733 höfer
1217 684 1307 723 Dub
1318 684 1453 728 geweßt/
1464 690 1505 723 da
1516 688 1575 733 [tar
1590 691 1645 724 der
1654 697 1755 734 ganze
1767 687 1922 733 Plunder
1933 686 1989 736 für
2001 694 2114 725 deinen

814 737 948 787 Augen.
960 736 1038 786 Alfo
1054 736 1152 786 fpeyer
1163 747 1194 774 er
1204 738 1277 774 chen
1294 736 1372 787 alles
1387 748 1585 775 herauß/.nwie
1598 744 1649 775 der
1665 743 1780 786 jenize/
1794 742 1937 777 derermwa
1955 742 2024 779 eine
2038 736 2115 784 alffe

815 794 890 838 gige/
901 795 1051 828 unreine/
1060 794 1128 826 und
1143 788 1224 835 fonf
1236 785 1419 834 ungefunde
1434 786 1570 838 Speiße
1586 798 1621 832 zu
1642 790 1700 839 {id)
1713 798 1926 839 genommen;
1936 791 2019 831 feine
2029 787 2116 839 Ruh

816 840 950 891 Harıbif
962 846 1018 877 ers.
1027 841 1107 877 alles
1122 837 1245 887 Herauß
1257 848 1421 885 gewurgt,

917 894 957 929 11,
968 890 1089 935 Haben
1098 900 1158 927 wir
1167 898 1203 931 zu
1213 889 1357 927 mercker
1366 887 1603 926 Confeflionis
1615 891 1772 926 modum.
1783 891 1840 933 die
1851 891 1930 936 Art
1941 901 1985 941 zu
1998 888 2118 940 beich?

819 948 906 991 ten:
918 940 968 979 Er
981 940 1126 978 berichtet
1133 952 1160 996 1.
1172 940 1332 988 ingenue,
1344 942 1503 989 redfich/
1512 941 1629 989 teurfh
1640 942 1777 990 herauß/
1788 940 1922 989 (Augnet
1933 941 2056 984 nichts/
2071 946 2119 980 bes

821 989 944 1039 fehoner
955 990 1059 1040 feinen
1075 989 1379 1030 Sunden-Sreucl
1396 994 1497 1032 nicht,
1511 997 1690 1040 verringert
1704 998 1778 1031 oder
1790 995 1979 1043 vergleiftert
1994 994 2118 1032 nichts/

819 1044 882 1082 Hiel
893 1048 1034 1091 weniger
1045 1047 1107 1091 legt
1123 1054 1153 1080 er
1163 1047 1210 1080 die
1221 1041 1360 1085 Schuld
1372 1042 1448 1087 auf
1459 1050 1587 1083 andere.
1598 1058 1627 1082 z.
1650 1045 1763 1084 Plene,
1773 1055 1804 1083 er
1814 1039 1945 1090 fchutrter
1955 1044 2016 1091 fein
2025 1052 2120 1094 ganz

823 1102 889 1141 Bes
900 1095 1012 1144 HNers
1021 1097 1101 1141 auß/
1113 1099 1171 1134 wie
1182 1099 1276 1132 einer/
1290 1100 1345 1134 der
1355 1094 1488 1140 Sıffrzu
1500 1096 1558 1140 (ich
1568 1103 1779 1142 genommen,
1789 1100 1872 1135 alles
1880 1105 1949 1135 von.
1956 1095 2015 1145 fich
2023 1096 2119 1143 acben

822 1147 918 1193 muß,
930 1147 981 1193 biß
996 1146 1058 1193 daß
1070 1150 1123 1185 der
1138 1155 1241 1193 gange
1253 1147 1409 1191 Plunder
1428 1157 1468 1184 da
1485 1158 1544 1183 vor
1563 1147 1682 1191 Aızaen
1702 1149 1770 1194 fiat.
1826 1161 1857 1191 3.
1873 1148 2119 1191 F7afinoıasıkas,

826 1194 1106 1247 freymundig/
1131 1202 1201 1233 und
1216 1195 1424 1244 ungefhaur;
1439 1208 1470 1235 er
1492 1196 1573 1245 fagt/
1595 1196 1747 1241 Water,
1768 1199 1920 1237 beichtets
1940 1197 2026 1239 nicht
2048 1200 2121 1234 dem

827 1246 1091 1293 Scharffrichter
1100 1258 1144 1286 an
1154 1249 1206 1284 der
1216 1246 1340 1287 Zortur
1348 1255 1422 1286 oder
1431 1248 1555 1296 Folter
1566 1256 1661 1288 inder
1672 1246 1978 1295 Schwas-Schul/
1988 1255 2029 1288 da
2039 1257 2121 1286 man

828 1299 910 1342 auch
923 1299 1062 1342 beichter,
1078 1300 1152 1338 aber
1168 1307 1195 1344 €
1212 1300 1301 1347 nıchr
1321 1301 1554 1340 man-beichtet/
1568 1303 1594 1346 je
1606 1301 1768 1346 fchwerere
1782 1299 1926 1348 Straffe
1938 1310 2019 1339 man
2029 1307 2126 1344 81-460

831 1361 957 1390 warten.
972 1351 1046 1400 hat;
1059 1349 1229 1390 Sondern
1246 1360 1333 1399 gang
1348 1352 1555 1391 vereraulich/
1571 1356 1651 1397 ohne
1669 1351 1815 1402 Zwang/
1836 1353 1950 1401 feinem
1961 1351 2087 1392 Barer/
2097 1351 2125 1395 je

832 1402 922 1451 mehr
931 1414 962 1441 er
972 1407 1011 1442 da
1026 1401 1180 1444 beichtere/
1189 1404 1216 1448 je
1225 1404 1365 1449 mehrere
1377 1407 1444 1441 und
1454 1399 1587 1451 aröjfere
1597 1403 1742 1442 Önader
1751 1407 1906 1452 erlangte,
1920 1401 2127 1442 Sonderlich

831 1457 906 1495 aber
919 1468 951 1496 4.
967 1453 1153 1494 humiliter,
1167 1465 1254 1499 gang
1266 1454 1457 1505 Demittig/
1473 1461 1562 1494 dann
1575 1456 1656 1503 ohne
1668 1461 1716 1492 die
1728 1455 1886 1503 Demuch
1896 1456 1930 1500 iff
1944 1459 1991 1492 die
2002 1453 2127 1494 Beicht

833 1507 917 1543 feine
927 1502 1096 1539 confeflia
1115 1510 1183 1542 und
1197 1505 1568 1552 Belanınuß/fondern
1584 1504 1746 1551 profeMio
1761 1509 1852 1544 mali,
1866 1512 1918 1546 ein
1931 1504 2127 1551 offentlicher

831 1555 953 1601 Ruhm
966 1558 1019 1592 der
1028 1548 1193 1594 Sınden.
1212 1555 1262 1594 Er
1275 1555 1403 1600 fpricht:
1414 1554 1497 1607 Sch
1509 1556 1573 1597 bın
1588 1556 1850 1607 forthinnicht
1862 1557 1968 1609 mehr
1982 1554 2128 1606 werth/

834 1606 909 1654 daß
923 1606 980 1656 ich
997 1607 1080 1646 dein
1094 1603 1227 1658 Sohn
1243 1605 1346 1659 heiffe
1358 1620 1370 1654 ;
1384 1607 1470 1654 hakce
1487 1609 1569 1646 mich
1585 1609 1685 1656 werth
1700 1616 1752 1647 rer
1767 1608 1976 1656 Enterbung/
1995 1607 2042 1648 ich
2051 1608 2131 1654 habe

831 1661 898 1697 dag
907 1657 1097 1697 ErbRecht
1114 1657 1294 1706 verlohren.
1325 1657 1439 1707 Aulfer
1452 1658 1581 1706 stveiffel
1599 1657 1685 1708 hatte
1697 1670 1728 1698 er
1745 1660 1981 1708 fortgefahren,
1991 1662 2060 1698 und
2071 1656 2130 1705 {ich

833 1711 891 1749 alg
905 1713 997 1748 einen
1013 1704 1203 1756 Zaglöhner
1221 1711 1417 1756 angegeben,
1431 1721 1534 1749 wann
1550 1710 1618 1758 ihın
1638 1718 1690 1749 der
1704 1711 1815 1752 Barer
1826 1713 1913 1753 nicht
1929 1715 2020 1751 indie
2034 1710 2128 1749 Nede

834 1760 970 1808 gefallen
984 1759 1085 1799 wäre/
1097 1764 1156 1799 wie
1166 1761 1247 1801 auch
1259 1766 1311 1798 der
1321 1759 1446 1808 Neyfer
1455 1761 1655 1800 Maurieius
1668 1763 1783 1808 gethan
1797 1768 1864 1801 und
1877 1762 2000 1809 aefagt:
2016 1761 2128 1809 Juftus

835 1824 868 1846 es
881 1809 1256 1859 Domine,
1063 1808 1127 1863 &c.,
1169 1808 1261 1863 Erz
1267 1816 1316 1852 du
1326 1811 1570 1863 biftgerecht/
1578 1816 1654 1853 und
1664 1814 1735 1853 alle
1744 1816 1847 1855 deine
1855 1808 2038 1863 Serichte
2048 1811 2131 1861 find

835 1862 947 1912 recht.
960 1873 989 1910 x,
1009 1863 1150 1909 Aperte;
1161 1872 1193 1899 er
1212 1863 1270 1911 hat
1285 1862 1362 1909 feine
1380 1865 1591 1909 Defanmuß
1607 1864 1824 1912 offentlich,/
1850 1866 1945 1912 gleich
1966 1869 2026 1902 wie
2039 1874 2069 1901 er
2082 1872 2133 1905 zus

836 1924 897 1956 YOr
916 1918 1037 1948 Cowon
1054 1916 1092 1950 TS
1105 1914 1216 1959 TaTeic,
1240 1922 1300 1952 Or
1318 1919 1390 1952 dent
1401 1914 1515 1955 Bafer
1524 1915 1690 1962 gefrevelt/
1703 1916 1730 1959 fo
1739 1917 1885 1955 berHrete
1900 1928 1928 1954 er
1950 1915 1993 1962 hm
2016 1917 2131 1959 anjeßo

836 1975 934 2007 unter
942 1968 1014 2003 dem
1023 1964 1134 2012 freyen
1146 1964 1312 2010 Himmel/
1322 1969 1383 2003 wie
1393 1976 1430 2003 es
1447 1970 1530 2005 dann
1547 1964 1618 2015 auch
1629 1966 2042 2015 offentlichauffgezeichnet
2052 1976 2136 2003 10o0rs

839 2024 912 2058 den/
927 2017 989 2060 daß
1005 2023 1111 2055 wires
1123 2015 1190 2065 hm
1201 2017 1258 2054 alle
1269 2017 1434 2059 nachthun
1447 2016 1551 2061 follen.
1579 2017 1694 2056 Sfeich
1715 2022 1768 2056 wie
1788 2015 1865 2067 auch
1868 2020 1989 2059 David
2000 2017 2133 2067 gerhan/

838 2073 892 2108 der
907 2067 988 2114 feine
1000 2063 1134 2108 Sünde
1151 2067 1314 2109 offentlich
1334 2069 1444 2116 fingen
1459 2068 1570 2112 fallen,
1586 2073 1655 2106 und
1672 2073 1745 2107 dem
1771 2063 1834 2116 Bo:
1849 2068 1954 2116 fänaer
1973 2077 2007 2112 zu
2021 2070 2133 2116 fingen

842 2118 1030 2166 übergeben/
1043 2119 1154 2166 Pf.sı.
1166 2117 1247 2170 Sch
1262 2121 1414 2160 erfenne
1427 2121 1548 2160 meine
1557 2119 2044 2170 Mifjethat/andirallein
2059 2119 2133 2171 hab

843 2172 903 2219 ich
915 2169 1244 2220 gefündiget/
1174 2168 1244 2221 und
1256 2168 1367 2210 übels
1380 2169 1447 2221 für
1455 2172 1514 2211 dir
1536 2171 1684 2221 gethan.
1708 2171 1857 2216 Daulugı
1882 2170 2002 2211 Zim.
1982 2168 2010 2221 1.
2015 2183 2136 2213 nenner

843 2225 901 2269 fich
913 2230 971 2261 den
984 2219 1111 2268 gröffen
1120 2215 1284 2259 Sunder/
1295 2220 1422 2267 fchreyer
1437 2215 1492 2270 fich
1502 2220 1754 2266 offentlıchauß
1764 2232 1801 2262 er
1811 2221 2136 2269 fenederfürnem:

842 2274 1009 2323 cunter
1019 2273 1117 2313 allen
1129 2270 1554 2317 Sündern/aber
1467 2270 1549 2327 mir/
1563 2271 1676 2320 fpriche
1685 2281 1730 2314 er/
1743 2272 1784 2321 if
1790 2272 2138 2327 Darmbhergiateit

1983 2343 2152 2407 wiederz(

493 2756 663 2811 Herzog
678 2757 846 2811 August
868 2757 1106 2800 Bibliothek
1124 2758 1426 2801 Wolfenbüttel

493 2838 558 2911 [I
617 2840 805 2913 |]
927 2840 992 2913 1]
1029 2841 1102 2890 Gray
1115 2840 1199 2881 Scale

974 2926 996 2957 4

856 2925 876 2957 3
