1457 2083
114 368 441 436 MBerlinifhe
481 367 917 436 Monatsihtrift,

409 483 613 529 1784

252 571 409 620 Zwölftes
429 569 534 610 Sthf,
588 571 778 611 December.

500 749 525 772 1,

233 807 538 858 Beantmorfung
568 810 629 848 der
653 797 834 858 Frage:

176 888 315 934 Was
362 890 418 940 if
465 886 859 939 Aufklärung?

278 981 337 1017 (S;
354 981 488 1012 Decemb.
505 988 587 1017 1783.
608 979 653 1011 S.
665 979 750 1017 516.)

112 1057 391 1123 Mufriicung
414 1087 450 1117 ift
473 1089 526 1117 der
551 1086 712 1123 Ausgang
740 1087 794 1115 des
818 1086 917 1116 YTens

114 1133 203 1170 chen
218 1142 280 1162 aus
298 1133 392 1168 feiner
415 1133 502 1168 felbft
520 1133 755 1169 verfchuldeten
775 1130 921 1162 Unmüns

113 1181 238 1217 digFeit:
286 1177 538 1217 "UnmündigFeit
572 1181 603 1214 if
634 1183 683 1209 das
714 1179 919 1216 Unvermögen,

115 1227 162 1262 fich
180 1227 265 1259 feines
281 1227 450 1260 Verfiandes
472 1230 540 1257 ohne
563 1226 674 1263 Leitung
704 1227 778 1255 eines
798 1228 920 1256 anderen

111 1280 145 1309 zu
161 1273 298 1302 bedienen.
338 1273 647 1310 Selbftverfchuldet
662 1274 694 1309 {ft
710 1272 776 1306 diefe.
791 1271 921 1303 Uumüns

115 1319 226 1354 digkeit,
247 1327 332 1349 wenn
352 1321 391 1349 die
406 1320 519 1354 Urfache
533 1319 666 1353 derfelben
684 1319 756 1352 nicht
770 1326 815 1348 am
829 1318 923 1350 Mans

109 1366 152 1401 gel
169 1368 216 1394 des
233 1365 415 1401 Verfandes,
437 1367 550 1398 fondern
577 1369 622 1395 der
637 1365 850 1402 Entfhließung
865 1366 920 1395 und

112 1413 161 1440 bes
183 1411 307 1448 Muthes
331 1415 405 1449 Kegt,
435 1413 481 1449 fih
509 1414 591 1448 feiner
618 1411 687 1447 ohne
712 1411 825 1449 Leitung
846 1413 921 1452 eines

113 1461 221 1487 andern
249 1467 278 1493 zu
302 1459 441 1488 bedienen.
481 1460 575 1493 Sapere
594 1458 677 1486 aude!
718 1457 801 1494 Habe
826 1455 922 1494 Muth

114 1505 170 1536 dich
188 1508 279 1534 deines
295 1506 419 1542 eigenen
436 1505 607 1540 VBerfandes
623 1514 652 1542 zu
668 1505 814 1535 bedlenen
806 1504 818 1542 1
833 1505 867 1541 I
884 1504 924 1534 als

112 1550 139 1586 fo
155 1554 200 1580 der
216 1551 393 1587 Wahlipruch
406 1556 452 1581 der
468 1553 653 1588 Aufklärung.

172 1605 302 1641 Faulheit
317 1611 371 1636 und
383 1607 505 1643 Feigheit
519 1609 575 1644 find
595 1609 635 1637 die
645 1606 789 1642 Urfachen,
810 1612 920 1636 warum

110 1652 157 1681 ein
171 1652 196 1684 fo
217 1653 313 1688 großer
330 1653 409 1686 Theil
427 1658 471 1683 der
485 1654 654 1689 Menfhen,
676 1654 804 1687 nachdem
827 1654 860 1689 fie
880 1653 923 1682 die

114 1696 216 1728 DNatur
235 1699 321 1734 fängft
343 1708 396 1729 von
421 1700 537 1733 fremder
553 1702 665 1739 Leitung
686 1701 736 1737 frei
765 1700 921 1737 gefprochen

147 1744 186 1773 Di
189 1744 394 1780 Monatsfichr,
411 1747 501 1776 IV,.D,
518 1749 541 1776 6,
554 1748 607 1776 St,
691 1747 750 1785 Dh
860 1748 922 1778 (na-
