1296 1855
300 236 319 265 8
515 231 631 268 m2)
648 241 667 262 o
684 232 694 268 (
712 230 803 269 LB

364 281 463 318 Huebey
477 282 506 318 1k
520 289 572 311 nun
591 288 617 318 zu
631 279 741 312 merken
753 303 761 317 ,
784 280 834 317 daß
846 282 895 313 das
914 278 1019 317 Zeichen

296 335 315 354 o
336 323 387 361 auf
401 326 467 356 allen
497 323 607 358 Stellen
620 325 702 361 nichts
723 323 854 361 bedeutet
850 322 865 363 ,
881 323 970 354 weilen
984 329 1019 358 zes

296 365 416 400 henmahl
434 364 516 399 nts
541 364 592 395 und
616 363 797 401 hundertmahl
823 364 903 400 m<ts
923 367 975 396 und
995 362 1018 398 ſo

297 405 348 437 fort
376 407 453 442 allzeit
483 404 563 441 nichts
590 404 735 442 ausmacht.
795 404 868 439 Wie
892 404 954 436 aber
979 406 1019 436 die

297 446 487 481 Bermehcuag
502 446 544 475 der
557 443 718 481 Bedeutung
731 444 773 476 der
786 441 893 480 übrigen
913 441 1020 479 Zeichen

297 485 360 519 nach
375 485 420 515 den
435 485 544 517 Scellen
557 484 694 522 beſchaffen
707 483 758 522 ſey,
786 483 809 519 #0
823 484 851 521 if
866 491 892 517 zu
906 483 1018 515 mercken

297 524 348 559 daß
361 525 402 555 der
422 522 524 558 Werth
538 522 607 553 eines
622 522 740 560 1eglichen
760 523 919 550 Characters
934 524 1019 559 zehen-

296 560 369 597 mahl
388 556 480 598 gröſſer
503 560 562 598 ſey
562 559 579 597 ,
600 561 642 592 als
668 558 718 595 auf
738 561 781 593 der
799 559 1020 596 vorhergehenden

296 600 388 636 Stelle
401 600 463 635 nach
478 602 520 632 dex
540 599 637 636 rechten
655 601 749 638 Hand.
800 599 858 633 Und
885 602 1018 636 deswegen

297 646 343 678 hat
363 649 425 674 man
443 642 489 678 ſi
512 641 691 681 na<hfolgende
710 641 809 672 Tabel
826 638 926 679 nöthtig
950 641 1019 679 wohl

297 680 407 715 bekannt
420 687 447 716 zu
462 678 576 715 machen.

315 715 474 763 Zehenmahl
500 722 556 750 ems
713 716 798 754 macht
817 716 889 752 zehen

315 756 473 793 Zehenmahl
505 759 576 795 zehen
730 769 742 786 7
781 768 792 785 -
814 758 923 792 hundert

314 797 474 836 Zehenmah!
500 799 608 834 hundert
730 808 744 826 e
772 795 788 833 e
814 796 920 833 tauſend

314 833 475 872 Zehenmahl
503 834 606 870 tauſend
729 844 741 861 e
780 844 792 860 e
813 834 885 869 zehen
917 832 1020 868 tauſend

316 871 476 910 Zehenmahl
488 873 559 909 zehen
571 872 676 909 tauſend
735 885 747 902 -
786 884 906 899 -hundert
921 871 1022 906 tauſend

316 915 476 954 Zehenmahl
489 916 598 954 hundert
610 914 714 952 tauſend
741 928 747 945 -
785 925 797 943 -
816 914 995 952 kaufendmahl

644 954 747 988 tauſend
762 955 819 985 oder
833 956 886 986 eine
895 954 1001 983 Million

316 985 513 1025 Dauſendmahl
527 987 629 1024 tauſend
643 987 784 1019 Millionen
801 990 885 1023 macht
898 989 952 1018 eine
967 989 1023 1016 Bil«

947 1035 1003 1060 lion

317 1059 515 1103 Tauſendmahl
528 1062 629 1100 tauſend
642 1062 771 1095 Billionen
802 1072 816 1090 -
839 1074 857 1105 e
876 1064 941 1095 eine
950 1067 1023 1105 Tril-

946 1114 1001 1143 lion

557 1145 611 1177 und
632 1144 656 1182 ſs
668 1144 766 1177 weiter.

357 1179 420 1214 Aus
432 1180 507 1218 dieſer
524 1181 626 1211 Tabel!
645 1182 771 1212 bekommt
787 1187 851 1209 man
870 1182 929 1216 allſo
948 1182 1022 1211 einen

298 1219 415 1260 Begriff
425 1226 474 1251 von
489 1220 535 1250 den
549 1218 648 1256 Zahlen
659 1223 747 1256 zehen,
769 1223 890 1255 hundert,
916 1227 1021 1255 tauſend

298 1267 351 1296 und
366 1263 389 1300 o
402 1264 468 1302 fort;
487 1264 569 1294 indem
583 1271 645 1296 man
653 1265 753 1298 daraus
765 1264 824 1301 ſieht
840 1267 935 1295 wieviel
962 1265 1021 1298 Stü-

297 1303 338 1337 e
350 1310 404 1336 eine
423 1303 475 1341 jede
494 1302 561 1341 Zahl
577 1304 698 1343 vorſtellt.
748 1302 869 1340 Hieraus
889 1306 938 1335 kan
957 1311 1021 1334 man

298 1343 362 1373 aber
377 1340 460 1376 ferner
473 1341 628 1378 abnehmen,
643 1341 741 1373 wieviel
753 1343 859 1377 eineder
873 1345 1024 1370 CharaQer

300 1389 351 1414 von
365 1383 412 1413 den
423 1382 590 1419 obgedachten
609 1384 681 1420 zehen
709 1383 735 1414 in
754 1382 822 1413 einer
836 1384 906 1421 jeden
930 1384 1022 1417 Stelle

299 1421 410 1456 bedeute,
464 1421 604 1462 Nehmlich
629 1423 656 1455 in
681 1421 724 1455 der
749 1422 828 1463 erſten
854 1423 945 1457 Stelle
970 1430 1022 1453 von

978 1477 1022 1507 dex
