1296 1855
226 644 289 667 VII

415 275 477 315 Auf
490 277 534 309 dex
545 276 646 317 ſechſten
664 276 756 313 Stelle
779 280 900 313 bedeutet.

297 319 317 338 o
329 320 342 338 -
354 311 435 346 nihts
654 323 667 348 5
686 324 697 340 -
711 315 771 352 fünf
781 316 890 353 hundert
911 315 1016 353 tauſend

297 363 309 381 x
328 363 339 379 -
354 354 459 385 hundert
481 352 585 391 tauſend
639 359 662 396 6
681 367 692 383 -
704 356 771 394 ſechs
783 359 891 396 hundert
907 358 1014 396 tauſend

227 393 277 423 VI
299 400 314 417 2
326 399 338 417 -
349 395 416 426 zwey
424 391 531 427 hundert
538 391 642 425 tauſend
652 403 671 429 7
682 404 695 421 -
706 394 787 433 ſieben
796 389 902 438 hundert
913 390 1016 438 tauſcnd

296 436 310 463 3
328 436 339 454 -
350 428 409 471 drey
419 427 526 466 hundert
538 428 641 466 tauſend
651 436 666 464 8
678 442 691 459 -
704 430 760 468 acht
779 434 888 471 hundert
909 433 1015 471 tauſend

296 479 317 506 4
329 479 342 496 e
354 475 407 501 vier
422 473 492 508 hund
500 476 549 505 ertt
560 472 641 509 auſnd
650 484 666 508 9
682 484 693 502 -
705 481 772 506 neun
787 476 895 514 hundert
908 475 1012 515 tauſend

410 523 473 561 Auf
482 523 525 554 der
535 522 641 562 ſiebente
671 522 763 558 Stelle
776 525 897 560 bedeutet.

296 569 339 592 0e
352 560 434 600 nihts
657 576 669 602 5
687 578 699 594 -
714 564 776 600 fünf
786 569 925 599 Millionen

296 608 309 627 1
325 610 339 626 -
349 599 406 633 eine
422 600 527 631 Million
653 609 671 632 6
681 612 694 629 -
706 603 772 640 ſechs
791 605 930 636 Millionen

297 646 311 664 2
324 646 334 665 7
348 642 413 675 zwey
434 637 572 670 Mihonen
651 649 664 677 7
680 651 687 667 -
703 642 783 680 ſtreben
797 642 935 674 Millionen

290 684 305 711 3
316 684 329 704 7
340 678 400 712 drey
421 676 557 709 Millionen
651 684 666 712 8
678 689 691 705 -
703 680 760 717 acht
771 680 910 713 Millionen

291 724 312 748 4
324 722 336 740 -
348 718 401 746 vier
422 714 561 745 Millionen
650 725 666 749 9
678 725 690 741 -
704 726 770 749 neun
784 717 924 750 Millionen

348 766 470 804 Hieraus
484 766 583 805 erhellt
576 767 586 810 ,
595 766 645 805 daß
659 769 697 801 die
710 769 872 809 Bedeutung
884 769 977 803 der
983 782 1013 800 Cha=

291 811 410 835 ra&eren
428 810 478 843 auf
496 810 538 837 der
551 809 674 845 ſiebentcn
686 807 778 845 Stelle
790 805 891 849 ähnlich
904 809 942 848 ſey
967 811 1012 843 der

291 847 453 882 Bedeutung
479 847 530 883 auf
552 851 595 879 der
619 849 698 887 erſten
717 849 826 888 Stelle,
853 853 938 885 indem
964 850 1011 888 bey

291 890 334 916 der
355 888 506 918 Siebenten
523 891 574 918 nur
589 888 641 918 das
657 886 747 922 Wort
765 888 907 919 Milionen
918 887 1012 926 zugeſee

289 930 331 963 het
341 929 419 959 vwoird,
459 927 667 966 Gleichergeſtalt
685 930 752 961 wd
765 937 827 962 man
845 932 882 965 die
900 931 1011 966 Bcdeu-

288 972 354 1001 tung
371 968 421 1003 auf
441 968 483 998 der
497 966 584 1004 achten
602 967 694 1003 Stelle
713 969 795 1008 haben
818 992 819 1003 ,
848 977 924 1004 wenn
943 977 1009 1002 man

289 1007 335 1039 bey
353 1008 395 1035 der
409 1010 517 1044 zweyten
531 1006 621 1042 Stelle
633 1008 683 1039 das
703 1009 792 1044 Wort
803 1010 939 1043 Millionen
951 1013 1009 1046 hins

287 1047 400 1080 zuſebet
399 1050 412 1085 2
434 1048 486 1074 und
506 1048 557 1081 auf
572 1046 633 1077 eben
651 1045 712 1083 dieſe
729 1046 782 1081 Art
804 1051 944 1086 entypringt
967 1049 1009 1080 die

288 1088 380 1113 neunte
392 1085 485 1118 Stelle
497 1089 547 1116 aus
559 1086 602 1116 dex
613 1086 706 1118 dritten
717 1109 726 1123 ,
747 1087 786 1119 die
797 1089 880 1125 zehnte
893 1092 943 1121 aus
963 1089 1006 1120 der

288 1126 400 1156 vierten,
420 1126 472 1152 nnd
492 1125 517 1157 ſo
528 1125 614 1154 weiter
633 1123 674 1154 bis
689 1124 739 1162 guf
748 1127 786 1157 die
804 1126 946 1164 drevzehnte
953 1127 1006 1158 und

291 1164 437 1197 folgenden,
458 1163 548 1197 welche
560 1164 652 1194 wieder
666 1167 716 1194 aus
730 1165 773 1197 der
794 1164 872 1203 erſten
885 1168 938 1198 und
956 1165 1007 1202 fols

286 1206 383 1238 genden
407 1203 482 1241 dur
501 1203 657 1243 Beyſekung
676 1206 721 1238 des
745 1207 849 1242 Worts
875 1208 1005 1241 Bi1)110nen

288 1244 392 1279 formirt
404 1244 513 1273 werden.
526 1242 631 1281 Endlich
645 1243 764 1277 bedeuten
780 1240 828 1284 die
822 1245 1005 1280 Characteres

287 1282 337 1311 auf
345 1283 387 1305 der
407 1283 574 1315 neunzehnten
592 1280 683 1313 Stelle
701 1280 865 1317 Trillionen,
898 1282 936 1314 die
954 1280 1007 1319 auf

286 1322 330 1350 der
348 1318 412 1355 fünf
427 1322 478 1349 und
501 1323 660 1359 zwanzigſten
681 1319 885 1357 Quadrilhonen
908 1324 961 1356 und
978 1323 1004 1360 o

284 1360 352 1395 fort;
374 1364 481 1390 woraus
493 1360 598 1398 zugleih
617 1361 655 1394 die
669 1359 837 1401 Benennung
856 1365 900 1395 der
912 1364 1006 1397 mittles

284 1405 330 1433 ren
348 1399 457 1436 Stellen
474 1402 583 1441 erhellet.
622 1401 832 1445 Solchergeſtalt
848 1406 962 1441 bedeutet
976 1407 1004 1437 in

954 1447 1007 1481 dies
