1240 1948
114 138 257 195 3
387 128 504 198 2401)
514 153 586 197 0

142 203 218 264 7

98 283 516 363 eee
540 287 905 350 eee

286 367 377 414 Des
385 363 529 413 Blocks
545 383 561 402 ⸗
573 359 727 413 Berges

60 442 65 455 f
380 419 492 423 Erſter
516 416 616 464 Theil.

218 471 335 574 Die
362 471 783 593 Vorbereitung
855 491 912 556 0

184 589 398 667 Bahmmg
414 619 504 667 zum
519 576 834 668 Blocks⸗Berge.
859 594 913 629 3

235 703 236 706 i
375 667 458 708 Das
472 666 496 705 l.
505 664 657 710 Capittel.

106 723 210 773 Von
234 710 343 767 denen
358 718 482 765 Orten
518 722 570 759 an
603 710 754 764 welchen
779 713 819 757 es
847 703 915 758 viel

352 769 538 817 Geſpenſter
549 768 658 814 giebet.

224 844 364 918 88
382 839 492 898 giebet
503 847 606 897 zwar
622 839 688 886 viel
696 836 833 887 Oerter
847 832 914 888 hin

341 903 409 937 und
417 900 528 935 wieder
535 898 571 933 in
584 898 636 932 der
645 892 761 931 Welt
745 887 761 937 /
777 890 808 937 ſo
809 887 911 935 theils

346 957 384 992 zu
400 942 603 991 allen
482 940 502 992 /
517 942 603 991 theils
615 951 652 986 zu
667 940 836 987 beſondern
875 940 916 976 Zei⸗

149 1005 153 1012 5
286 1003 404 1036 ten
416 994 586 1040 Geſpenſte
601 989 681 1040 auff
695 993 755 1029 und
773 990 832 1027 in
856 996 915 1026 ihren

72 1064 248 1102 Bergen
251 1039 346 1102 hegen
369 1054 385 1099 /
405 1039 471 1102 doch
474 1041 720 1099 vermeyne
653 1039 702 1102 ich
718 1039 737 1102 /
754 1039 808 1085 daß
825 1046 919 1077 unter

112 1089 228 1153 andern
246 1089 388 1153 folgende
415 1110 428 1142 /
458 1101 486 1148 ſo
496 1100 609 1143 ich
570 1089 624 1153 mit
642 1089 708 1153 dem
732 1094 823 1135 Worte
836 1089 968 1140 Gae⸗

113 1156 259 1217 ſpoͤnſth
275 1161 293 1210 /
310 1152 473 1205 abgefaſſet
481 1152 558 1200 habe
569 1159 585 1190 /
600 1150 685 1194 nicht
696 1152 744 1189 die
765 1147 916 1196 schlechte,

113 1219 178 1265 ſten
186 1220 257 1260 oder
269 1212 495 1262 unwehrteſten
503 1209 597 1257 ſeyn
592 1204 610 1265 /
624 1207 677 1245 als
685 1204 820 1254 nemlich

169 1270 199 1307 §.
224 1276 249 1303 1.
274 1265 314 1304 G
317 1255 455 1307 riechen
480 1259 554 1299 Land
771 1255 814 1297 85

167 1319 199 1356 5.
220 1324 250 1349 2.
273 1312 306 1352 E
330 1315 445 1356 lvezlen
458 1313 528 1359 oder
535 1301 817 1359 Schweitzer
732 1301 817 1359 Land

167 1367 203 1411 8.
224 1374 249 1405 3.
273 1360 315 1401 S
339 1360 560 1406 chleſien

223 1424 262 1458 4.
273 1413 312 1502 5
331 1404 444 1461 rovintz
459 1404 609 1461 Caſſuben

223 1473 248 1508 5.
276 1459 295 1508 O
314 1459 370 1508 ber
373 1459 511 1506 Pfaltz.

229 1515 254 1546 6.
279 1510 319 1548 N
336 1509 457 1556 urſiner
468 1507 604 1554 Gegend
613 1506 648 1545 in
654 1501 799 1552 Italien

166 1413 184 1450 8

169 1467 186 1505 8

168 1516 187 1553 §.
257 1536 265 1544 C.

166 1565 185 1602 9.
224 1572 257 1602 7.
276 1558 295 1602 S
334 1560 437 1598 leilien

167 1614 188 1652 9.
214 1606 257 1658 8.
276 1609 293 1649 T
326 1606 488 1658 huͤringen

827 1694 942 1756 Was
