1240 1948
340 152 386 189 36
520 166 549 188 2.
554 155 724 196 Theil.
673 152 718 201 Von
734 162 785 197 den
794 164 1007 201 mancherleyen

339 200 463 255 Numen
482 200 576 255 ineſt
591 211 713 248 etenim
721 210 857 251 cœleſtis
864 215 886 257 &
902 209 1003 257 Hexis
1009 213 1044 250 in
1051 210 1149 263 ipſo

361 251 471 302 Qui
480 253 590 300 preſſit
598 254 705 297 claros
713 255 1026 310 imbriferoſq;
1035 259 1040 308 dies.

344 296 440 360 Eſtq;
464 301 658 354 Cheruſcorum
689 307 731 349 ſic
743 311 886 363 practica
896 316 1000 356 certa,
1007 308 1146 365 magiſq

432 350 559 391 huic,

368 399 666 451 Quam
511 394 578 455 qui
592 399 666 451 ſunt
675 403 819 442 celebres
830 389 971 460 ereditur
978 417 1059 446 arte
1085 405 1177 467 oli.

340 440 426 513 Nam
443 447 475 488 ſi
498 458 572 498 mane
589 440 687 513 caput
705 454 809 495 nebula
826 457 900 509 tegit
911 461 978 506 atq;
988 458 1178 502 tenebris,

346 507 456 515 Aut
474 498 601 555 pluvias
618 511 664 540 aut
682 502 746 541 fert
752 505 865 553 nubila
876 498 935 559 ſive
957 550 1073 553 nives.

342 545 402 584 At
407 546 429 580 ſi
450 545 593 601 depoſitis
610 545 696 601 videt
711 553 802 601 ardua
818 559 937 593 lumina
941 555 1023 593 folis

321 1073 427 1107 was
435 1067 752 1117 weitlaͤufftiger
689 1067 744 1128 und
759 1073 793 1106 in
802 1068 903 1128 ſpecie
912 1076 1021 1112 davon
1035 1073 1148 1122 ſchwa.

348 1118 458 1163 zen
412 1116 428 1167 /
437 1116 467 1167 ſo
466 1120 549 1159 wird
565 1125 615 1159 von
625 1116 746 1166 noͤthen
753 1120 831 1167 ſeyn;
865 1122 920 1167 daß
934 1116 989 1167 wir
997 1127 1031 1159 in
1047 1130 1148 1166 unge

351 1161 498 1222 bundener
525 1161 590 1222 Rede
616 1161 675 1209 alle
697 1172 743 1207 mit
746 1169 908 1218 wenigem
917 1168 1062 1218 berůhrte
1072 1170 1180 1222 Sa.

316 1217 509 1264 chen
423 1217 440 1264 /
454 1217 501 1263 auß
517 1217 807 1262 unterſchiedlichen
816 1219 1013 1261 Autoribus,
1021 1225 1054 1260 in
1063 1224 1150 1264 einer

316 1265 525 1311 beſondern
556 1271 626 1305 und
659 1270 930 1311 nachdencklichen
954 1267 1178 1322 diſpoſition

349 1318 428 1356 oder
451 1314 680 1362 Einordnung
699 1318 946 1358 nacheinander
969 1318 1149 1365 vorziehen
1171 1326 1180 1366 /

312 1366 420 1415 und
430 1367 493 1401 das
502 1373 604 1409 gantze
612 1363 731 1403 Werck
744 1366 809 1411 alſo
825 1367 992 1411 deutlicher
1005 1367 1179 1415 gemacht

351 1417 465 1458 werde.
490 1412 556 1465 Ich
563 1421 733 1459 vermeyne
742 1418 829 1454 aber
814 1412 830 1465 /
835 1424 932 1454 wenn
942 1418 1001 1455 alle
1006 1419 1147 1460 circum⸗

349 1460 490 1502 ſtantien
506 1467 581 1499 oder
589 1461 810 1506 Ymbſtaͤnde
812 1460 901 1513 ſollen
920 1460 1057 1513 eroͤrtert
1071 1461 1185 1523 wer⸗

350 1515 412 1551 den
436 1528 453 1555 ;
484 1511 546 1555 daß
557 1516 592 1550 es
604 1511 661 1557 auß
674 1509 816 1565 fuͤhrlich
822 1518 891 1552 und
899 1512 1089 1560 vollſtaͤndig
1097 1524 1148 1565 ge.

326 1580 451 1582 ſchehen
482 1557 608 1609 koͤnne.
619 1559 823 1606 Derowegen
838 1564 952 1604 wollen
962 1566 1023 1603 wir
1031 1563 1146 1609 alſo
1100 1557 1112 1609 /
1122 1557 1146 1609 in

345 1608 475 1667 Gottes
497 1608 597 1651 Namen
620 1616 637 1654 /
662 1609 693 1648 in
709 1620 751 1648 und
776 1608 833 1667 bey
849 1608 972 1667 ſolcher
994 1631 1221 1667 gedachten

1000 1688 1034 1765 1.
1050 1707 1081 1767 P'
1091 1719 1150 1759 er.

352 1661 453 1713 Hefen
454 1658 793 1719 ⸗Gaſterey
641 1658 653 1719 /
664 1658 785 1719 erwegen
802 1665 855 1704 die

363 1721 490 1753 .
653 1730 676 1749 13
799 1718 804 1721 f

360 612 373 625 15
392 594 562 659 Nubibus
570 596 629 660 elt
632 601 728 660 certo
738 601 823 659 clara
838 602 935 654 futura
951 596 1032 660 dies.

349 817 358 845 a
413 817 420 854 a
449 812 456 823 2
500 816 511 857 4
695 812 934 867 N
1106 845 1139 866 150

388 932 462 967 W.
482 906 671 1014 Viecher
698 906 743 1014 ein
770 916 840 979 dh
858 930 896 956 in
908 930 1054 973 genere
1069 920 1189 968 und

298 971 466 1032 2
532 969 693 1015 zerßweiſe
690 966 701 1023 /
716 966 799 1009 võder
822 966 915 1023 Hexen
925 973 1154 1019 Gaſterey
1178 983 1182 992 auf

334 1021 410 1044 Des
482 1024 544 1058 dem
560 1020 788 1068 Rlocksberge.
814 1022 942 1068 Damit
951 1026 1013 1063 wir
1026 1026 1100 1061 aber
1108 1026 1198 1061 ett
