1240 1948
487 186 509 224 1.
532 190 629 231 Theil.
650 186 728 230 Cap.
732 202 753 226 I.
757 190 832 229 Von
844 189 1014 232 Geſpenſten

484 240 550 289 As
553 235 718 301 Griechen
735 242 815 281 Land
835 252 882 301 zu
897 235 967 294 erſt
991 235 1115 298 betriſt
1119 243 1139 295 /

194 249 227 287 9.
252 256 276 280 1.

141 289 291 346 Oriechen
480 294 515 343 ſo
524 300 583 335 kan
591 294 723 344 hiervon
732 253 854 346 ae
857 302 1074 339 werden
979 297 997 346 /
1015 297 1065 346 was
1084 304 1138 338 der

144 326 241 379 Land.
485 344 619 381 Author
632 352 685 385 der
699 347 1016 392 Wunderbarlichen
1031 351 1140 395 Hiſto⸗

143 376 307 456 1
321 399 391 434 rien
405 385 471 433 von
484 390 680 442 Geſpenſten
713 403 760 434 im
779 399 877 442 erſten
886 396 978 444 Theil
988 407 1044 434 am
1079 402 1137 436 26.

144 457 191 489 ten
203 462 271 492 don
321 443 434 492 Blath
449 446 476 483 b.
489 444 586 491 ſaget.
637 443 724 490 Auff
732 449 802 484 dem
816 446 931 492 Berge
943 445 1111 482 Parnaſſo
1103 458 1138 480 in

145 499 200 530 den
208 493 307 533 Wald
326 495 456 536 Boẽtia,
471 495 593 544 welcher
616 493 676 544 dem
692 493 841 544 Apollini
861 493 1053 535 conſeeriret
1068 501 1138 536 und

147 538 280 578 Oeſpen,
319 547 499 591 zugeeignet
507 546 558 589 iſt
554 538 571 595 /
565 549 646 584 wird
655 546 855 595 allewege
814 538 864 595 ein
863 544 955 593 Jahr
963 544 1065 586 uͤmbs
1080 557 1138 585 an⸗

146 579 182 652 5
277 627 310 661 ge
321 597 374 632 der
390 599 442 639 das
463 592 516 640 det
520 594 753 638 Bachanalten
761 599 835 633 oder
844 596 938 633 tollen
949 595 1139 642 Faſtnachte

145 660 284 695 rarnaſſo.
322 641 482 695 gehalten
475 641 488 695 /
497 649 566 682 und
574 649 699 683 werden
709 645 789 687 auch
797 654 873 688 zum
888 642 1010 690 oͤfftern
1020 649 1066 683 die
1079 646 1139 680 Sa-

324 695 387 738 tyri
409 697 470 742 oder
477 692 739 747 Waldgeſpenſte
759 698 793 732 in
813 693 926 742 groſſer
939 694 1066 742 Anzahl
1083 699 1138 734 da⸗

322 740 419 794 ſelbſt
427 740 552 788 geſehen
584 749 585 780 /
614 746 683 780 und
702 748 828 781 werden
844 746 1063 794 gemeiniglich
1078 753 1138 791 gar

322 788 492 836 fuͤrnehme
523 789 704 830 Stimmen
736 787 874 838 gehoͤret.
930 791 984 832 Es
1006 795 1043 838 iſt
1055 794 1137 837 auch

145 845 292 878 Macrob.
320 838 472 886 offtmals
481 843 531 879 ein
540 838 655 888 Klang
663 849 734 880 von
743 841 894 882 Cimbeln
910 840 1036 890 gehoͤret
1056 837 1137 913 wor

145 891 257 920 Saturn,
282 898 305 918 c.
320 891 393 931 den.

145 934 188 963 185
436 934 451 945 5

374 953 526 1012 Unſern
541 966 619 1008 von
652 961 713 1008 der
737 957 870 1009 Stadt
899 955 1041 1009 Lucern
1078 958 1174 1009 in

322 1013 578 1075 Schweitzer
574 1013 587 1075 ⸗
603 1015 732 1068 Land
702 1013 727 1075 /
744 1019 781 1063 iſt
809 1022 860 1056 ein
894 1016 1009 1065 rauher
1038 1014 1135 1064 hoher

203 1079 234 1117 5.
263 1073 293 1109 2.
323 1073 456 1122 Berg
437 1072 460 1130 /
486 1081 547 1114 den
579 1080 633 1116 die
646 1077 836 1125 Inwohner
861 1072 1007 1130 Frack⸗
1017 1079 1136 1112 mont

167 1123 252 1156 Rave
278 1126 307 1153 in
321 1130 395 1181 oder
414 1115 604 1188 Frackberg
614 1130 843 1175 nennen
738 1122 758 1179 /
776 1130 843 1175 auff
850 1127 960 1173 dieſem
974 1128 1136 1175 Berge
1089 1122 1136 1179 iſt

146 1174 270 1238 e
281 1176 368 1217 ein
376 1180 487 1226 groſſer
495 1180 662 1226 ſchwaͤrtzer
675 1180 1135 1230 ſtehender
845 1174 892 1234 See
907 1174 923 1234 /
938 1180 1135 1230 allenthalben

147 1215 247 1281 Vön
246 1248 306 1279 dem
318 1226 364 1281 mit
387 1234 477 1270 einem
497 1230 627 1277 finſtern
635 1230 743 1271 Wald
753 1231 1079 1280 uͤmbzogen
927 1226 942 1281 /
957 1231 1067 1280 welchen
1087 1237 1135 1274 die

147 1286 287 1327 Fracken
320 1277 406 1319 Leute
427 1277 662 1330 Pilatus⸗See
681 1291 795 1328 nennen
813 1290 835 1321 /
849 1277 896 1330 und
915 1283 1031 1321 bleibet
1047 1302 1168 1306 dieſer

148 1325 227 1405 L855
239 1329 287 1369 bey
315 1325 374 1388 See
395 1338 500 1382 allzeit
517 1337 625 1380 gleiche
640 1338 705 1382 groß
720 1343 726 1372 /
747 1336 791 1384 hat
811 1325 904 1388 keinen
923 1325 1046 1388 Einfluß
1061 1342 1135 1377 oder

147 1370 287 1450 Schwei⸗
268 1375 306 1400 in
319 1383 595 1431 Außfluß
473 1371 490 1437 /
506 1383 589 1431 nimbt
605 1385 833 1429 nichts
720 1371 754 1437 zu
770 1385 833 1429 oder
846 1388 906 1425 ab
902 1371 919 1437 /
933 1392 1001 1425 und
1011 1371 1058 1437 hat
1078 1391 1133 1426 ein

146 1450 194 1489 ter
215 1432 304 1483 Land.
321 1432 499 1487 graͤuliches
519 1433 661 1480 Anſehen.
666 1434 845 1482 Und
750 1432 794 1487 iſt
810 1432 860 1487 die
876 1432 939 1487 Sage
964 1443 970 1474 /
980 1435 1134 1482 nachdem

147 1489 285 1527 Pilatus,
319 1484 439 1529 ſich
400 1484 453 1534 der
469 1485 656 1529 ungerechte
684 1486 804 1534 Richter
818 1486 974 1534 Pontius
989 1488 1133 1533 Pilatus

146 1529 225 1562 See.
318 1532 404 1577 ſelbſt
430 1529 598 1575 uͤmbracht
622 1540 635 1572 /
659 1529 718 1579 hat
732 1535 812 1572 man
825 1529 939 1579 ſeinen
955 1533 1018 1573 Leib
1033 1538 1068 1573 in
1083 1539 1133 1575 die

142 1569 224 1640 0
221 1578 261 1641 3
274 1610 291 1640 h.
314 1580 420 1625 Tyber
428 1581 615 1628 geworffen
604 1576 622 1641 /
623 1581 758 1622 daruͤber
768 1583 826 1632 ſich
833 1587 884 1622 ein
910 1576 1018 1641 groſſes
1040 1576 1136 1641 Vnge⸗

142 1652 193 1681 5
200 1621 292 1693 3
294 1629 402 1685 ſcüm
415 1630 548 1690 erhoben
579 1639 592 1671 /
607 1634 672 1679 daß
686 1633 766 1672 man
780 1633 838 1678 ihn
854 1635 1014 1678 leztlich
983 1621 1014 1693 in
1034 1635 1133 1681 dieſes

145 1694 221 1725 152.
274 1662 446 1752 Waſſer
457 1675 580 1735 ſtuͤrtzen
598 1675 712 1735 muͤſſen
728 1689 742 1724 /
752 1688 820 1723 und
847 1683 902 1731 ſoll
926 1683 1135 1782 N

193 1763 255 1768 8
985 1758 988 1761 f
1099 1745 1132 1774 er
