3068 4660
1290 143 1377 153 —
1474 121 1597 178 180
1692 134 1772 158 —

269 289 365 332 die
415 285 807 336 Menschheit
856 285 1329 351 eingeschlagen
1379 286 1619 343 werden
1677 286 1942 346 können.
2040 291 2267 351 Sinken
2314 295 2426 351 wir
2486 297 2565 350 im
2617 296 2813 356 Laufe

268 379 371 420 des
420 371 739 436 Kampfes,
806 387 871 422 s0
941 378 1137 425 treten
1212 387 1430 430 unsere
1480 374 1937 436 Nachkommen
1999 380 2120 436 und
2170 381 2266 438 die
2316 399 2429 441 uns
2478 385 2805 444 Nachstre-

268 464 505 508 benden
553 461 650 509 für
697 476 811 510 uns
861 460 989 524 cin:
1039 461 1149 514 wir
1197 459 1414 515 sinken
1463 461 1525 517 in
1568 461 1701 520 dem
1733 462 2177 533 Bewusstsein,
2228 483 2448 527 unsere
2482 472 2806 543 Sechuldig-

268 553 397 597 keit
443 553 532 598 als
579 549 914 601 Menschen
964 548 1189 614 gethan
1239 563 1312 602 zu
1362 549 1580 619 haben,
1631 554 1753 608 und
1802 553 1939 611 dass
1990 554 2094 612 das
2142 558 2272 616 Ziel
2322 560 2592 619 erreicht
2635 562 2815 630 wird,

269 643 378 685 wie
444 641 660 687 immer
727 637 824 690 die
892 635 1025 691 dem
1074 637 1455 697 Fortschritt
1526 643 1632 699 der
1678 641 2071 704 Menschheit
2137 647 2511 708 feindlichen
2556 651 2811 711 Mächte:

267 732 400 790 sich
451 732 720 804 dagegen
773 734 1060 797 sträuben
1112 743 1350 808 mögen.

775 4442 1167 4482 Schweizerisgche
1195 4440 1780 4495 Vereinsbuchdrnekerei.
1811 4431 2297 4497 Iottingen
2073 4436 2101 4498 -
2125 4435 2297 4497 Zürich.
