3068 4660
262 301 617 370 negirend
684 316 873 369 gegen
942 302 1029 356 sie
1096 303 1352 361 verhält.
1449 304 1561 359 Die
1634 300 2080 357 sozialistische
2133 299 2540 357 Gesellschaft
2599 299 2798 357 dürfte

261 386 638 455 demgemäss
685 389 800 444 alle
852 386 1063 443 bisher
1109 384 1469 454 gewohnten
1521 383 1644 438 und
1677 382 2022 454 gepflegten
2056 384 2486 450 Beziehungen
2536 399 2608 437 zu
2658 385 2801 439 reli-

261 472 476 541 giösen
529 471 1038 542 Organisationen
1092 470 1333 528 einfach
1383 472 1575 538 lösen,
1630 471 1750 525 und
1801 472 1898 528 die
1931 469 2217 540 Religion
2268 487 2375 525 zur
2404 469 2798 527 Privatsache

263 561 542 618 erklären
594 561 713 614 und
764 559 872 615 auf
915 560 1048 617 ihre
1085 557 1341 627 eigenen
1376 560 1565 614 Füsse
1603 557 1839 614 stellen.
1934 560 2081 614 Dies
2118 558 2472 613 bedeutete:
2523 555 2799 613 absolute

262 655 592 717 Trennung
641 650 745 706 des
797 651 996 707 Staats
1060 650 1182 706 und
1240 651 1349 706 der
1399 651 1726 706 Commune
1786 664 1902 703 von
1965 649 2072 705 der
2119 648 2374 714 Kirche,
2443 648 2567 704 und
2613 649 2801 706 Tren-

264 753 432 806 nung
482 738 588 795 der
634 738 861 794 Kirche
910 753 1028 793 von
1080 738 1188 793 der
1238 737 1492 803 Schule;
1563 734 1954 803 Entziehung
2004 734 2180 801 jeder
2228 734 2607 791 materiellen
2658 733 2805 791 oder

260 826 566 897 geistigen
599 826 1089 894 Unterstützung
1121 840 1230 882 aus
1256 826 1507 884 Mitteln
1542 827 1662 882 und
1685 824 2107 895 Hülfsquellen
2145 824 2248 880 des
2285 822 2806 888 Gemeinwesens;

260 915 662 983 Beseitigung
708 916 857 971 alles
909 916 1126 972 dessen
1176 930 1282 968 aus
1333 914 1466 971 dem
1518 913 1909 980 Unterricht,
1961 929 2077 968 was
2128 913 2239 969 mit
2287 913 2386 967 ihr
2434 915 2497 969 in
2547 913 2805 970 Verbin-

261 1005 425 1073 dung
475 1006 596 1061 und
644 1004 997 1072 Beziehung
1047 1005 1232 1060 steht.
1327 1005 1449 1062 Das
1501 1000 2070 1072 Grundeigenthum
2122 1003 2230 1058 der
2276 1001 2546 1058 Kirchen
2582 1000 2804 1068 würde,

260 1097 371 1150 wie
420 1095 568 1151 alles
620 1091 1222 1163 Grundeigenthum,
1293 1090 1659 1160 Gemeingut
1724 1091 1847 1147 und
1918 1097 2069 1148 wäre
2131 1092 2244 1146 den
2299 1092 2671 1146 Communen
2732 1103 2804 1142 zu

260 1181 734 1255 überweisen*),
804 1184 904 1240 ihr
952 1184 1153 1240 Silber
1201 1182 1323 1238 und
1376 1181 1533 1238 Gold
1582 1180 1703 1236 und
1754 1180 1887 1237 ihre
1940 1179 2204 1237 Geräthe
2264 1182 2437 1245 möge
2501 1178 2586 1232 sie
2648 1176 2803 1233 nach

257 1272 551 1331 Belieben
599 1270 991 1336 verwenden,
1045 1282 1110 1322 s0
1161 1276 1269 1336 gut
1317 1269 1429 1325 wie
1470 1268 1647 1338 jeder
1679 1270 2073 1326 Privatmann
2124 1267 2275 1324 über
2318 1269 2448 1324 sein
2486 1268 2643 1325 Gold
2679 1267 2802 1323 und

261 1364 463 1421 Silber
511 1361 657 1416 oder
706 1360 917 1415 seinen
967 1359 1274 1415 Hausrath
1331 1355 1620 1427 verfügen
1679 1356 1859 1413 kann.
1937 1358 2040 1412 ‘Tm
2093 1355 2347 1425 übrigen
2399 1355 2640 1414 dürften
2704 1356 2802 1412 die

257 1449 530 1509 Kirchen
590 1449 704 1504 den
766 1448 1136 1516 Gläubigen,
1210 1447 1320 1503 wie
1384 1446 1562 1516 jeder
1626 1446 1857 1504 andern
1905 1443 2323 1513 Vereinignng
2389 1461 2506 1499 von
2569 1445 2806 1501 Staats-

259 1540 559 1607 bürgern,
621 1554 692 1591 zu
743 1537 920 1595 ihren
969 1534 1513 1603 Versammlungen
1562 1552 1671 1591 zur
1716 1533 2069 1603 Verfügung
2120 1534 2353 1590 stehen.
2449 1536 2564 1592 Die
2617 1535 2805 1592 Gläu-

260 1626 442 1696 bigen
492 1626 732 1682 werden
782 1627 939 1684 wohl
988 1628 1122 1683 ihre
1171 1626 1546 1691 Meinungen
1595 1636 1788 1690 gegen
1839 1623 1935 1681 die
1984 1624 2358 1690 Meinungen
2412 1621 2520 1678 der
2553 1622 2800 1678 Andern

259 1715 322 1769 in
371 1709 593 1782 Kampf
636 1711 897 1780 bringen
948 1711 1070 1765 und
1122 1711 1209 1766 sie
1260 1715 1478 1779 mögen
1529 1709 1715 1766 sehen
1767 1711 1877 1767 wie
1912 1710 2054 1765 weit
2089 1710 2174 1765 sie
2224 1709 2623 1784 kommen**),
2694 1711 2803 1766 Ich

258 1801 478 1871 glaube
528 1801 763 1870 indess,
833 1801 931 1859 die
998 1802 1259 1856 meisten
1328 1800 1499 1859 ihrer
1544 1801 1773 1858 Diener
1830 1800 2069 1856 werden
2128 1798 2269 1856 bald
2318 1797 2641 1864 einsehen,
2695 1798 2805 1852 wie

258 1893 456 1964 wenig
502 1892 735 1963 würdig
784 1893 881 1951 die
930 1895 1105 1951 Rolle
1156 1892 1269 1960 ist,
1323 1890 1419 1948 die
1471 1892 1559 1947 sie
1609 1891 1671 1946 in
1724 1890 1896 1947 einer
1942 1889 2048 1946 auf
2092 1890 2309 1948 Arbeit
2358 1893 2478 1948 und
2528 1892 2804 1949 Wissen-

401 2072 452 2134 *)
492 2066 621 2117 Man
660 2064 788 2115 darf
820 2064 1105 2117 vielleicht
1143 2063 1352 2126 hoffen,
1393 2060 1517 2113 dass
1545 2062 1634 2114 die
1660 2062 1889 2121 Kircbe,
1927 2075 2084 2111 wenun
2124 2075 2179 2110 es
2217 2060 2336 2112 sich
2375 2058 2576 2110 einmal
2617 2058 2809 2110 darum

262 2130 507 2194 haudelt,
548 2130 656 2183 den
687 2128 1119 2183 Communismus
1158 2128 1514 2193 praktisch
1556 2127 1932 2189 einzuführen,
1974 2127 2365 2192 umsoweniger
2401 2127 2520 2178 sich
2559 2124 2805 2190 dagegen

258 2201 492 2266 sträubt,
531 2202 612 2254 als
651 2202 832 2253 dieser
852 2199 1476 2255 Gesellschaftszustand
1517 2200 1888 2253 thatsächlicb
1927 2198 2314 2251 wesentlichen
2343 2198 2808 2250 Glaubenssätzen

261 2275 356 2327 des
381 2273 573 2327 Neuen
600 2274 945 2326 Testaments
985 2271 1292 2337 entspricht
1339 2270 1452 2322 und
1493 2287 1594 2322 von
1635 2270 1741 2322 den
1779 2267 2306 2334 hervorragendsten
2346 2269 2809 2321 Kirchenlehrern

261 2346 345 2397 als
383 2344 481 2398 der
517 2345 685 2397 allein
732 2344 968 2409 richtige
1005 2339 1616 2395 Menschheitszustand
1673 2341 1983 2392 anerkannt
2037 2341 2238 2394 wurde.
2312 2341 2392 2393 Zu
2450 2340 2556 2392 deu
2604 2339 2809 2392 bereits

261 2416 487 2468 citirten
524 2415 912 2479 Aussprüchen
951 2419 1143 2478 mögen
1182 2414 1322 2464 noch
1364 2412 1542 2477 einige
1588 2411 1795 2477 folgen:

402 2487 651 2549 Gregor
687 2485 803 2537 der
842 2485 1106 2538 Grosse:
1146 2485 1222 2537 Es
1260 2485 1332 2536 ist
1371 2484 1513 2534 noch
1552 2483 1705 2533 nicht
1744 2494 1939 2545 genug,
1978 2480 2074 2532 das
2114 2483 2221 2534 Gut
2260 2480 2510 2533 Anderer
2549 2481 2700 2533 nicht
2742 2496 2809 2530 zu

260 2554 496 2620 rauben
467 2562 492 2625 ;
538 2552 832 2619 vergebens
870 2552 1107 2618 glauben
1144 2554 1306 2615 Jene,
1346 2553 1424 2605 sie
1471 2552 1622 2605 seien
1671 2551 2025 2617 unschuldig,
2073 2551 2278 2605 welche
2328 2553 2417 2604 die
2467 2553 2663 2615 Güter,
2705 2550 2812 2602 die

261 2631 421 2681 Gott
458 2627 654 2680 Allen
693 2625 1091 2690 gemeinsam
1131 2622 1427 2688 gegeben
1466 2625 1604 2686 hat,
1645 2625 1761 2676 sich
1800 2625 1969 2677 selbst
2008 2623 2299 2686 zueignen;
2365 2622 2549 2674 indem
2587 2624 2665 2675 sie
2705 2621 2811 2673 den

257 2699 485 2752 Andern
522 2698 678 2750 nicht
714 2698 915 2763 geben,
962 2712 1068 2749 was
1107 2699 1184 2749 sie
1226 2697 1477 2751 erhalten
1516 2697 1720 2759 haben,
1771 2696 2032 2749 werden
2083 2696 2177 2747 s1ie
2217 2713 2293 2748 zu
2330 2696 2642 2749 Mördern
2682 2694 2812 2746 und

261 2773 828 2837 Todtschlägern.

402 2840 587 2905 Gegen
633 2839 782 2892 diese
820 2838 1210 2904 Kraftsprache
1267 2838 1338 2890 ist
1398 2838 1493 2889 das
1533 2837 2135 2891 Condorcet
1846 2834 1870 2900 -
1898 2837 2135 2890 Brissot’-
2184 2838 2295 2890 und
2334 2835 2810 2889 Proudhon’sche
2783 2843 2813 2897 :

265 2911 633 2977 „Kigenthum
671 2913 742 2964 ist
779 2913 1110 2965 Diebstahl“
1170 2910 1553 2975 zimperliches
1594 2910 1879 2963 Geflüster.
1956 2911 2086 2961 Fast
2144 2910 2285 2960 noch
2340 2909 2532 2961 wilder
2594 2907 2811 2972 spricht

261 2983 515 3045 Gregor
554 2996 672 3031 von
711 2979 1069 3032 Nanzianz.
1142 2980 1222 3031 Er
1259 2984 1402 3042 sagt:
1463 2978 1580 3040 „Es
1628 2985 1768 3030 wäre
1815 2979 2000 3030 besser
2048 2975 2159 3028 uud
2208 2978 2496 3041 gerechter
2544 2989 2810 3040 gewesen,

261 3054 333 3105 da
369 3054 465 3105 wir
494 3059 554 3116 ja
590 3056 715 3107 Alle
752 3054 988 3116 Brüder,
1046 3053 1221 3105 durch
1270 3053 1358 3106 die
1398 3053 1586 3105 Baude
1635 3052 1729 3104 des
1768 3052 1927 3106 Bluts
1976 3051 2085 3102 uud
2138 3052 2236 3104 der
2273 3052 2451 3104 Natur
2490 3049 2809 3102 verbunden

260 3125 411 3187 sind,
450 3136 606 3176 wenn
643 3125 740 3176 wir
775 3124 928 3177 Alles
967 3129 1130 3176 unter
1154 3123 1279 3175 Alle
1319 3121 1498 3189 gleich
1538 3123 1799 3175 vertheilt
1826 3124 2039 3174 hätten.
2115 3124 2293 3176 Wenn
2320 3121 2491 3172 Einer
2529 3120 2645 3172 sich
2684 3134 2808 3170 zum

260 3199 439 3249 Herrn
478 3196 612 3247 über
658 3196 793 3248 alles
832 3195 942 3248 Gut
991 3194 1229 3246 erheben
1277 3196 1413 3256 will,
1470 3195 1623 3247 Ales
1680 3192 1859 3256 einzig
1914 3192 2158 3244 besitzen
2217 3192 2433 3244 möchte
2490 3191 2601 3242 und
2657 3191 2810 3243 seine

260 3266 473 3319 Brüder
508 3281 628 3317 vom
666 3264 876 3317 dritten
915 3264 1047 3317 oder
1085 3266 1294 3316 vierten
1323 3264 1483 3319 Theil
1523 3263 1901 3324 ausschliesst,
1942 3276 1999 3312 s0
2040 3263 2110 3313 ist
2137 3262 2316 3315 dieser
2342 3262 2412 3313 da
2437 3262 2568 3313 kein
2593 3261 2811 3314 Bruder

259 3337 441 3398 mehr,
498 3335 732 3387 sondern
791 3335 879 3387 ein
938 3335 1538 3388 uumenschlicher
1576 3338 1869 3402 Tyraun.
1928 3332 2032 3382 ein
2090 3346 2475 3396 grausamer
2513 3331 2806 3390 Barbar,

262 3408 397 3460 oder
431 3406 696 3460 vielmehr
733 3407 838 3458 ein
875 3407 1109 3459 wildes
1149 3406 1377 3461 Thier,
1435 3403 1628 3456 dessen
1664 3403 1892 3456 Rachen
1939 3402 2131 3453 immer
2180 3401 2522 3466 aufgesperrt
2557 3401 2654 3463 ist,
2713 3415 2804 3450 um

265 3477 446 3542 einzig
482 3478 590 3529 und
631 3479 798 3530 allein
841 3479 948 3532 die
985 3479 1307 3539 Nahrung
1341 3476 1604 3529 Andrer
1639 3491 1706 3526 zu
1746 3476 2059 3527 verzehren.

405 3552 483 3604 St.
510 3550 870 3612 Augustin:
913 3551 1057 3614 „Der
1082 3547 1399 3603 Ueberfluss
1426 3549 1525 3600 der
1548 3550 1794 3601 Reichen
1821 3548 1892 3599 ist
1919 3547 2017 3600 das
2042 3545 2434 3610 Nothwendige
2461 3545 2558 3597 der
2582 3548 2805 3596 Armen.

262 3622 390 3673 Man
429 3619 626 3672 besîitzt
668 3618 763 3670 das
800 3617 1136 3681 Eigenthum
1174 3616 1446 3678 Anderer,
1486 3630 1639 3666 wenn
1677 3630 1803 3667 man
1844 3611 2275 3678 Ueberflüssiges
2312 3614 2526 3665 besitzt.

406 3700 492 3762 **)
532 3693 711 3744 Wenn
769 3689 858 3740 die
908 3704 1046 3741 neue
1087 3688 1451 3741 Gesellschatft
1501 3687 1589 3739 die
1638 3686 2131 3739 vorbezeichneten
2175 3685 2508 3749 Massregeln
2563 3684 2805 3748 ergreift,

262 3756 396 3808 wird
421 3756 588 3811 Jeder
615 3755 889 3817 einsehen,
930 3752 1052 3804 dass
1080 3746 1202 3805 dem
1231 3753 1580 3805 Sozialismus
1620 3753 1802 3804 nichts
1841 3755 2025 3804 terner
2047 3751 2229 3815 liegen
2255 3749 2418 3800 kanu.
2448 3749 2528 3800 als
2555 3749 2810 3816 religiöse

263 3831 770 3891 Ueberzeugungen
807 3827 906 3879 mit
942 3826 1322 3891 gewaltsamen
1350 3828 1572 3880 Mitteln
1609 3843 1680 3877 zu
1717 3824 2063 3891 bekämpfen.
2119 3828 2223 3879 Die
2250 3825 2643 3885 Redensarten,
2682 3823 2808 3876 wie:

264 3901 354 3952 die
394 3899 917 3953 Sozialdemokratie
975 3901 1082 3951 will
1141 3899 1247 3951 den
1285 3898 1580 3952 Menschen
1629 3898 1787 3949 ihren
1828 3897 1957 3949 Gott
2005 3910 2102 3947 aus
2155 3896 2274 3949 dem
2318 3897 2528 3947 Herzen
2586 3896 2810 3954 reissSen,

263 3967 421 4019 oder:
461 3968 539 4019 sie
566 3970 675 4019 will
703 3969 791 4020 die
817 3965 1070 4030 Religion
1100 3963 1497 4028 „abschattfen““,
1525 3953 1645 4016 sind
1672 3965 2066 4017 Redensarten.
2097 3962 2363 4014 ertunden
2392 3978 2493 4013 von
2522 3961 2810 4014 Schurken

264 4044 397 4095 oder
433 4045 717 4095 Dummen.
757 4056 847 4090 um
885 4043 1027 4093 noch
1068 4043 1355 4092 Dümmere
1394 4056 1461 4090 zu
1503 4042 1784 4093 bethören.
1857 4042 1961 4092 Die
2002 4041 2175 4091 Sache
2224 4038 2358 4102 liegt
2397 4039 2522 4089 sehr
2561 4037 2823 4092 einfach:

267 4106 483 4158 existirt
522 4108 610 4158 ein
652 4093 809 4168 Gott,
859 4117 917 4156 s80
965 4103 1144 4154 kann
1190 4104 1287 4155 ihn
1328 4104 1417 4156 die
1457 4103 1977 4155 Sozialdemokratie
2020 4104 2172 4153 nicht
2211 4102 2549 4163 abschaffen,
2592 4101 2807 4153 existirt

266 4199 326 4234 er
366 4184 543 4244 nicht,
582 4198 640 4235 s0
680 4181 967 4234 braucht
1016 4183 1093 4234 sie
1132 4184 1229 4233 1hn
1271 4182 1425 4234 nicht
1464 4181 1860 4234 abzuschaffen.
1936 4182 2121 4233 Damit
2177 4180 2394 4232 können
2442 4180 2557 4230 sich
2610 4190 2807 4230 unsere

267 4255 571 4318 Gläubigen
628 4255 909 4306 zufrieden
967 4253 1157 4316 geben.
1241 4253 1542 4306 Jedenfalls
1599 4253 1719 4303 sind
1779 4253 1866 4305 die
1906 4254 2099 4305 Zeiten
2158 4252 2339 4304 vorbei
2397 4266 2474 4300 wo
2532 4264 2654 4300 man
2710 4248 2808 4300 das

272 4326 531 4387 „höchste
571 4329 801 4378 Weseu“
843 4326 993 4376 eines
1033 4325 1206 4388 Tages
1246 4323 1422 4377 durch
1463 4323 1911 4377 Volksbeschluss
1961 4323 2228 4374 abschattt
2276 4320 2384 4372 und
2428 4336 2482 4371 es
2521 4336 2590 4371 au
2629 4320 2806 4371 einem

268 4395 476 4446 andern
515 4396 660 4459 Tage
700 4393 875 4444 durch
915 4393 1446 4447 Conventbeschluss
1484 4393 1684 4444 wieder
1723 4392 1970 4445 einsetzt.
2046 4395 2146 4445 Die
2184 4391 2528 4444 Menschheit
2566 4391 2636 4443 ist
2675 4390 2803 4442 seit-

267 4465 390 4516 dem
430 4480 517 4515 um
557 4466 660 4515 fast
701 4464 937 4516 hundert
978 4465 1143 4516 Jahre
1184 4465 1326 4515 älter
1363 4463 1473 4515 und
1515 4463 1707 4526 klüger
1743 4460 2044 4524 geworden.
