1673 2293
248 254 449 307 weych
456 264 476 298 /
487 253 613 298 trube
596 252 618 309 /
619 253 748 304 mache
758 252 814 294 ein
822 253 953 303 rawch
963 260 1043 296 von
1051 255 1230 307 weyrach
1236 269 1259 300 /
1265 255 1372 309 lignũ
1378 258 1513 307 aloes

317 307 510 353 laudanũ
494 306 511 362 /
518 306 780 356 ſadenbawm
755 306 777 362 /
788 308 1002 356 wachalder
1009 306 1294 360 berñ
1102 306 1124 362 /
1134 306 1289 360 thymian
1310 306 1332 362 /
1302 318 1518 362 wermut

317 370 381 400 waß
392 369 457 407 yr
474 359 509 408 ſo
518 358 636 408 habt
617 357 639 411 /
645 357 714 398 So
722 369 762 398 es
782 357 853 399 bas
862 370 913 409 yn
921 357 1041 409 herbſt
1049 358 1173 402 kõmet
1181 360 1263 400 vnd
1271 360 1387 400 kelder
1395 363 1531 411 wirt

317 412 401 450 vnd
412 408 483 460 ſolt
502 408 544 463 ra
534 410 668 460 wehen
682 411 780 460 auch
788 412 859 450 mit
867 410 1067 460 Trociſcus
1076 410 1149 462 auß
1157 412 1220 451 der
1233 409 1576 463 appotteken,

318 461 428 511 Auch
439 461 482 509 iſt
491 472 529 500 es
540 462 638 512 guth
647 464 721 502 das
731 472 783 512 yn
792 461 877 514 eym̃
894 460 1050 513 gemach
1059 462 1104 513 iſt
1116 462 1212 515 offte
1220 474 1290 514 eyn
1299 462 1416 515 fewor/

317 523 369 564 vn
378 523 504 564 eynem
524 513 645 569 Camyn
670 523 730 553 auß
764 513 912 553 trucken
921 513 1033 564 holtze
1041 515 1114 554 das
1124 513 1232 565 nicht
1238 516 1306 563 ſere
1312 525 1414 569 rawe

320 564 429 614 Auch
440 563 485 617 iſt
493 575 534 604 es
545 564 731 617 beqweme
740 577 760 608 /
768 568 840 606 das
851 575 943 606 man
952 573 1059 616 trage
1068 576 1136 616 eyn
1151 568 1271 616 pomũ
1278 565 1424 611 ambre/

321 616 420 665 riche
429 620 548 657 daran
559 628 580 659 /
588 615 746 667 nemlich
756 625 824 657 voꝛ
839 616 955 668 eſſens
963 627 985 660 /
993 617 1046 659 vñ
1054 627 1114 668 ym
1125 616 1243 668 ſom̃er
1255 619 1346 659 ader
1355 627 1412 671 yn
1423 618 1473 665 del

320 663 409 714 hitze
416 678 438 710 /
447 667 510 716 ſall
518 677 557 706 es
569 667 652 720 ſeyn
658 668 781 709 kalder
789 677 931 712 natur
915 663 932 720 /
938 669 999 709 als
1008 677 1118 710 vonn
1125 666 1428 720 roßenwaſſer
1383 663 1394 720 /
1435 670 1465 682 ſeh

322 718 475 759 kendelñ
482 731 504 762 /
511 730 616 770 weys
631 718 787 770 aytſtein
811 731 818 763 /
825 722 906 760 vnd
916 719 1095 769 camphoꝛ
1105 730 1122 762 /
1132 723 1223 761 ader
1235 729 1354 770 eynen
1365 718 1471 773 ſwafß

324 771 395 809 mit
403 770 526 823 eſſigk.
536 771 699 812 Sunder
707 771 743 820 ſo
752 782 793 811 es
802 770 1007 822 kalt
881 769 929 823 iſt
939 769 961 823 /
971 769 1003 823 vñ
1014 770 1136 812 kalder
1142 769 1235 823 lufft
1242 769 1286 823 iſt
1301 783 1308 815 /
1307 770 1405 819 auch
1414 776 1472 812 tei

324 820 366 870 be
375 821 466 874 lufft
480 837 496 868 /
506 820 532 874 ſo
550 823 600 872 ſal
610 822 748 873 ſolcher
755 822 885 873 rawch
900 824 1043 873 hitziger
1051 822 1157 874 ſeyn
1141 820 1158 874 /
1163 823 1222 864 als
1232 821 1478 874 laudanũ/ſto

317 874 417 913 racis
427 875 599 915 calamitk
609 884 630 917 /
637 873 802 926 maſticis
814 885 835 917 /
843 872 1003 927 garioffk
1012 884 1033 915 /
1040 873 1185 926 lignum
1195 874 1299 916 aloes
1316 885 1330 918 /
1336 873 1508 931 ambra⸗

324 926 472 973 muſcus
482 938 504 968 /
510 927 625 976 rutha
638 952 651 967 .
665 925 781 978 Item
791 928 929 968 iacinct
943 929 1006 966 der
1012 923 1113 976 ſteyn
1121 931 1175 977 yn
1186 936 1313 978 eynem
1323 927 1423 977 ringe
1443 927 1517 977 gen

323 984 458 1030 tragen
466 979 510 1027 iſt
518 978 675 1030 guth.
679 987 755 1025 Item
770 978 958 1031 ſaphyrus
967 988 1029 1018 am
1038 975 1159 1029 finger
1175 977 1238 1030 bey
1248 979 1331 1037 dem
1339 976 1494 1033 cleynen

323 1023 460 1081 finger.
464 1030 580 1083 Item
590 1039 654 1082 ym
663 1031 803 1072 munde
814 1037 924 1083 trage
939 1029 1351 1087 zeduarien
1141 1023 1159 1087 /
1183 1029 1351 1087 dyptam̃.

528 1121 770 1236 Pomũ
822 1131 1062 1224 ambre
1082 1121 1364 1236 mag

526 1250 713 1339 man
725 1235 870 1343 allo
884 1235 1254 1338 machen.

730 1389 783 1443 E.
781 1389 1061 1443 laudani.
989 1389 1016 1443 .
1025 1389 1061 1443 5.

728 1441 882 1495 ſtoꝛacis
891 1442 973 1484 cala.
1018 1442 1083 1494 3.ij.

729 1492 840 1545 gallie
847 1493 1005 1545 muſc.
970 1492 1008 1548 3.
1018 1494 1049 1548 J.
1057 1503 1094 1546 J.

732 1545 826 1597 ligni
834 1544 955 1586 aloes.

725 1595 788 1647 roß
807 1595 889 1647 rub.
894 1595 1079 1647 cortieitri

734 1646 883 1688 carabꝛe
897 1647 1080 1689 coꝛiandꝛi

733 1698 822 1748 bann
867 1697 924 1799 e
969 1698 1015 1741 e

736 1757 952 1800 camphoꝛe.
964 1757 1045 1800 gra.
1049 1761 1097 1795 v.

731 1756 1026 1904 aufe.

700 1853 845 1904 muſci
858 1861 945 1905 gra.
983 1877 995 1892 f.
1376 1883 1379 1885 a

724 1897 771 1965 St
793 1897 885 1965 pomũ
907 1904 947 1952 cn
966 1897 1098 1965 reſina.
1276 1913 1364 1968 .
