1285 2062
1 1409 63 1469 ılq

0 1478 61 1538 61

0 1706 58 1774 6
128 1716 130 1813 |

501 151 697 200 VBorrede,

103 250 235 315 Daß
261 262 304 303 er
331 251 414 302 den
445 245 600 309 Sohn
628 242 842 299 GOttes
868 239 1080 306 gefehen?

136 317 241 405 Ach
262 334 388 389 nein!
433 321 578 393 Das
591 317 864 405 Setoiffen
875 317 974 403 hat
989 318 1082 403 ihn

103 419 110 464 /
142 404 231 496 wor
262 422 432 520 feinem
446 416 599 492 Ende
617 419 873 501 geplaget,
900 424 955 487 (x.
973 423 1083 472 Cor.

103 551 110 564 |
146 544 191 582 55.
214 547 249 575 2.
259 524 455 592 Tim...)
488 513 595 597 Daß
620 530 673 584 er
699 514 777 584 Die
788 509 1084 584 Gemeinde

140 607 410 683 SGOtftes,
437 612 549 681 umd
568 611 645 682 die
664 609 819 695 erfien
840 605 1086 693 Chriften

151 707 432 799 werfolget:
487 709 743 787 Caleichtie
795 718 949 770 etiwan
1000 715 1087 769 den

106 829 107 832 |
151 803 573 866 Superintendenten
599 802 835 851 Lobethan
870 806 965 859 das
989 804 1089 863 Ge:

152 875 302 943 willen
326 879 551 944 geplaget,
580 879 672 944 daß
701 891 746 934 er
771 880 819 934 in
841 876 998 945 feinem
1013 880 1089 937 Le-

157 953 242 1007 ben
264 949 427 1017 offters
460 952 504 1017 fo
531 951 823 1020 jach-$ornig
856 952 1091 1023 gewefen.)

158 1025 284 1083 Das
311 1025 467 1081 würde
497 1029 590 1082 das
624 1027 803 1093 Urtheil
832 1027 948 1103 feyn,
978 1030 1022 1095 fo
1046 1044 1092 1088 er

160 1108 254 1153 von
272 1103 359 1164 dem
382 1089 720 1187 Apofteltwürde
744 1089 918 1187 gefället
940 1089 1096 1187 haben,

164 1173 323 1239 Wenn
346 1176 407 1227 du
432 1175 549 1229 mein
572 1173 728 1241 Buch,
750 1180 844 1232 und
870 1187 980 1234 was
1005 1183 1095 1238 mir

162 1257 318 1317 1704.
350 1260 478 1315 1717,
517 1259 650 1316 1728.
684 1250 823 1316 1736,
858 1252 1099 1322 begegnet,

167 1322 289 1386 twirft
303 1322 463 1387 gelefen
480 1323 640 1389 haben,
651 1322 695 1391 fo
712 1325 837 1390 wirft
847 1326 909 1381 du
920 1329 993 1382 die
1005 1332 1099 1394 Ap-

170 1394 374 1457 plication
391 1395 478 1463 auf
488 1398 602 1462 mich
618 1405 744 1464 gang
764 1399 892 1465 leicht
913 1399 1101 1496 machen

173 1466 358 1524 Fönnen.

284 1545 426 1615 Leute,
439 1547 568 1600 deren
584 1545 741 1610 SGunft
757 1557 866 1601 man
884 1546 1105 1615 verfchüt:

173 1618 253 1680 ef,
269 1617 316 1681 Ja
339 1617 497 1680 offters
524 1620 637 1682 auch
662 1617 706 1682 fo
733 1631 819 1683 gar
844 1620 1108 1704 diejenigen,

176 1693 248 1755 die
270 1691 382 1755 noch
405 1692 490 1750 alle
513 1691 913 1760 Werthfchäßuhg
935 1704 1022 1750 vor
1050 1696 1109 1751 ei:

1019 1782 1109 1828 nen
