1728 2647
586 455 704 499 Dem

341 535 742 595 Durchlauchtigſten
773 531 943 593 Fuͤrſten

602 630 683 668 und

260 717 640 786 HERRN,
697 713 739 780 H
763 710 1036 770 ERR
977 710 1036 786 N

137 809 594 928 Chriſtian
661 805 1155 924 Friederich

233 960 452 1062 Carl
523 958 1057 1061 Alexander,

133 1125 416 1183 Marggrafen
447 1137 494 1181 zu
523 1121 836 1178 Brandenburg
865 1121 907 1167 in
937 1118 1157 1175 Preußen,

133 1196 177 1232 zu
207 1185 403 1231 Schleſien,
442 1185 678 1231 Magdeburg,
718 1181 831 1222 Cleve,
868 1177 1003 1224 Julich,
1038 1177 1158 1224 Berg,

137 1239 304 1283 Stettin,
343 1240 546 1284 Pommern,
589 1239 646 1275 der
683 1237 839 1278 Caſſuben
878 1236 945 1272 und
982 1233 1156 1274 Wenden,

135 1304 177 1339 zu
209 1294 441 1340 Mecklenburg
466 1294 533 1330 und
565 1303 603 1336 zu
628 1291 757 1333 Croßen
785 1290 952 1335 Herzoge;
981 1288 1161 1333 Burggra⸗

137 1350 195 1389 fen
232 1357 271 1390 zu
299 1342 501 1390 Nuͤrnberg,
540 1346 645 1380 ober⸗
674 1344 740 1378 und
778 1343 950 1391 unterhalb
980 1336 1158 1387 Gebuͤrgs:

134 1395 275 1443 Fuͤrſten
305 1410 344 1444 zu
365 1398 594 1445 Halberſtadt,
625 1396 787 1438 Minden,
820 1396 960 1442 Camin,
986 1396 1159 1440 Wenden,

136 1454 344 1500 Schwerin,
375 1455 559 1505 Ratzeburg
584 1455 650 1492 und
669 1450 796 1495 Moͤrs;
830 1453 962 1496 Grafen
986 1464 1023 1498 zu
1041 1451 1157 1500 Glatz,

135 1511 398 1565 Hohenzollern,
431 1515 487 1551 der
515 1511 635 1556 Mark,
672 1510 893 1558 Ravensberg
922 1510 988 1547 und
1018 1507 1162 1552 Schwe⸗

134 1572 209 1612 rin;
249 1570 364 1615 Herrn
395 1582 431 1617 zu
462 1569 683 1613 Ravenſtein,
719 1569 776 1604 der
802 1566 899 1604 Lande
929 1565 1063 1609 Roſtock
1092 1564 1161 1601 und

132 1627 351 1675 Stargard;
395 1626 529 1670 Grafen
573 1637 610 1673 zu
648 1623 756 1667 Sayn
793 1623 859 1661 und
899 1620 1158 1670 Wittgenſtein;

133 1684 248 1729 Herrn
285 1694 322 1727 zu
361 1682 509 1729 Limburg
537 1694 579 1718 ꝛc.
609 1693 647 1717 ꝛc.
715 1678 796 1717 Des
835 1675 988 1723 loͤblichen
1027 1672 1160 1724 Fräͤnki⸗

132 1738 223 1783 ſchen
255 1737 392 1781 Craißes
428 1736 565 1780 Craiß⸗
592 1734 751 1775 Oberſten
788 1735 855 1771 und
891 1733 1038 1772 General
1067 1731 1161 1775 Feld⸗

130 1793 333 1838 Marſchall;
364 1792 455 1842 Ihro
485 1789 639 1834 Roͤmiſch
667 1788 808 1831 Kaiſerl.
832 1785 969 1835 Koͤnigl.
996 1781 1158 1831 Majeſtaͤt

134 1846 481 1893 General⸗Major;
510 1845 600 1895 Ihro
629 1841 764 1891 Koͤnigl.
797 1843 1016 1886 Preußiſchen
1049 1840 1160 1887 Maſe⸗

218 1898 281 1947 ſtaͤt
310 1900 682 1941 General⸗Lieutenant
715 1900 781 1934 und
811 1896 967 1939 Obriſten
998 1892 1076 1934 uͤber

381 1957 457 2001 drey
487 1954 667 1994 Cavallerie
696 1953 914 2001 Regimenter

280 2123 494 2184 Meinem
541 2123 799 2192 gnaͤdigſten
833 2119 1023 2190 Fuͤrſten

494 2193 587 2249 und
630 2190 804 2255 Herrn.
