2293 3120
488 253 1125 329 Vom verlohrnen Sohn.
163 340 1469 412 ein verzehrendes Feur / darinnen die Muͤcklein ſich verbrennen: Er hat
163 387 1465 460 ſein Schwerdt aewetzet / und ſeinen Bogen geſpannet / und darauff gelegt
164 439 1462 512 toͤdl che Geſchoß gegen die Suͤnder / ſo boͤſes im Sinn haben / Pſalm. 1.
165 489 1461 563 Man ſihets etlicher maſſen / an ſchweren groſſen Wettern / wie ſchwer und
165 540 1460 612 ſchrocklich G Ottes Zorn ſeye. Das iſt nur ein kleines Bild deſſelben /
165 594 1460 664 und der Menſch weiß dabey nicht wo er hinauß ſoll / wie wird es dann de⸗
166 643 1461 717 nen ergehen / die ohne Mittler fuͤr Goat kommen wollen? Nun Chriſtus
165 696 1461 766 iſt unſer Gnaden⸗Stuhl / welchen t. Go ſelbft neben den Thron ſeiner
166 746 1461 820 Gerechtt keit geſetzet hat / und ſeinen Zorn daruͤber fahren laͤßt. 2. Jſt es
168 796 1466 870 ttonus apertus, ein offentlicher Gnaden⸗Stuhl/ dann Got hat
167 851 1467 920 ihn geſetzet oder fuͤrgeſtellet / Rom.3. Er ſtehet nicht mehr hinter dem
170 900 1468 972 Fuͤrhang und Fuͤrbildern / ſondern wir haben nunmehr alle / nicht nur der
172 954 1468 1023 Hoheprieſter / einen Zugang und Zutritt zu Jhm. 3 Jſt erthronus ve-
169 997 1471 1073 rus ein warhafftiger / nicht eingebildeter falſcher Gnaden⸗ Stuhl / nicht
168 1054 1472 1118 wie die Kaͤlber zu Bethel und Dan. Wir laſſen den Heyden ihre ſtum-
169 1102 1472 1173 me Goͤtzen / denen ſie nachlauffen; den Juden ihre Wallfarthen / denen ſie
169 1153 1471 1219 wie eine Camelin in der Brunſt nachlauffen / Jer.2 /24. Den Tuͤrcken
169 1208 1473 1276 ihres Mahomets Grab zu Mecha; Die Papiſten laſſen wir lauff en zum
175 1256 1474 1327 H. Grab / nach Compoſtel / Loretto / Einſidel / rc. Wir bleiben an Chriſto /
170 1310 1474 1377 ſo fehlet es uns nicht. 4. Thronus omniſins & omnipræſens, ein
171 1360 1474 1431 allgegenwaͤrtiger und allwiſſender Gnaden⸗Stuhl / nicht nur zu
172 1408 1475 1478 Samaria / oder Jeruſalem / ſondern allenthalben / wo man Jhn im Geiſt
171 1458 1476 1530 und in der Warheit anbetet / Joh. 4. Zwiſchen Go und allen Menſch⸗
173 1510 1477 1579 en / 1. Tim 2. . Thronus unicus, ein einiger / alleiniger Gnaden⸗
175 1560 1477 1634 Thron/ ſtellet man ihm Dagon oder einen andern an die Seite / ſo
166 1615 1473 1680 wird er zu Schanden / 1Sam.4. 6. Thronus mediatorius, tectorius,
174 1663 1477 1729 pla atorius, oratorius, ein Mittler⸗Schun⸗Verſoͤhn⸗ und Bet⸗
173 1716 1476 1787 Thron / dabey man der Goͤttlichen Fuͤrbitt / Schutzes / Gnade und Er⸗
171 1767 1476 1836 hoͤrung gewiß verſichert iſt. Dahim laßt uns nun fliehen / und mit Paulo
171 1816 1473 1883 ſprechen; ich beruffe mich darauff der iſt uͤber den Kayſer.
172 1868 1473 1934 Wann von oben her der Zorn GOttes / innerhalb das verletzte Gewiſſen
173 1918 1472 1988 wuͤtet / ſo laßt uns dahin ſehen / auff dieſem Thron reichet Goxt ſeinen
172 1969 1472 2040 guͤldenen Abſolutions⸗Scepter gegen uns / da ftnden wir den rechten Mitt-
171 2020 1472 2091 ler und Fuͤrſprech zu dem laßt uns mit der Chriſtlichen Kirchen ruffen:
272 2079 1131 2150 Allein zu dir HErr Eſu Chriſt/
383 2125 1214 2203 Mein Hoffnung ſteht auff Erden /
276 2181 1210 2263 Jch weiß / dan du meim Heyland biſt /
367 2237 1280 2297 Kein Troſt mag mir ſonſt werden / rc.
1315 2298 1518 2361 und:
1480 263 1636 307 103
810 2743 1789 2810 Herzog August Bibliothek olfenbüttel
1323 2819 1756 2907 coae
