2294 3120
369 2402 441 2457 f
1189 318 1676 388 DEDICATI0.
815 418 2122 490 natuͤrliche Krafft / unaußſprechlichen Nutzen / und was
815 473 2120 552 der Herrlichkeiten mehr ſeynd. Darzu kommen die Ein—
819 532 2119 612 gangs⸗Predigten von dem verlohrnen Sohn / unter deſſen
819 590 2118 665 anmuht:gen Bilde der Greuelder Suͤnden / und die Freu—
820 650 2118 725 de des Himmels uͤber ein bußfertig reuendes Hertz/ ſon—
820 710 2116 785 derlich der Jugend zum Nachricht, abgemahlet wird.
821 769 2119 844 Wuͤrdig und werth' daß man ſolche in acht nehme / ans
824 826 2119 903 Liecht bringe / und fleiſſigleſe / ſichje mehr und mehr in die—
823 887 2119 960 ſem Gehemnuͤße zu gruͤnden/ zu verwahren / zu erbauen /
822 945 1537 1024 zu troͤſten und auffzurichten.
894 998 2121 1077 Zwar bey den alten Hebraͤern war es uͤblich / wann ein
823 1062 2121 1133 Rabbi oder Schrifftgelehrter ohne Kinder verſtorben /
822 1119 2122 1196 daß man ſeinen Schluͤſſel / und ſeine Schreib⸗Tafel mit ihm
825 1179 2121 1251 in einen Sarck gelegt/ und begraben: Dergleichen Exem⸗
825 1237 2120 1312 pel man in Juͤdiſchen Hiſtorien findet von einem Rabbi /
826 1294 2122 1372 Samuel genant / als der verſtorben / und keinen Sohn
813 1354 2120 1427 hinterlaſſen hat man ihme ſeinen Ampts-Ring und uͤbliche
826 1414 2120 1489 Schreib-Tafel mit ins Grab gegeben: mm
828 1473 2120 1541 : zD7 2 a pm i e. Poſtquam mortuus eſt,
829 1528 2124 1601 poſuerunt clavem & pugillare ejus im loculo ejus, eo quod
828 1581 2123 1661 non habuerit filium: das iſt: Nach dem er geſtorben /
827 1637 2125 1716 haben ſie ſeinen Schluͤſſel und Schreio/Tafel in
829 1702 2125 1774 ſeinen Sarck gelegt / darum / dteweil er keinen
829 1758 2125 1832 Sohn hat hinterlaſſen. Ob nun wol unſer Seliger
830 1818 2127 1890 D. Dannhauer auch keinen leiblichenSohn hinterlaſſen /
831 1871 2125 1946 wollen wir doch darum ſeine Schluͤſſel und Schreib-Tafel/
831 1936 2126 2007 das iſt / dieſe ſeine Predigten nicht vergraben / daß ſie der
831 1990 2127 2066 Verweßlichkeit zu theilwerden; ſondern behalten zu Nutz
831 2052 2127 2124 und Troſt / und hertzlichem Vergnuͤgen ſeiner geiſtlichen
831 2108 2128 2183 Soͤhne und Toͤchter / deren dieſer Evangeliſche Schrifft—
830 2165 2201 2240 gelehrte eine nicht geringe Anzahl durch ſeine Lehr und
831 2227 2206 2304 Schrifften gezeuget / und zu ſeinem unſterbiichen Ruhm
828 2287 1274 2360 nach ſich gelaſſen.
836 2355 1014 2406 1
1883 2378 2128 2441 Damit
465 2745 1475 2814 Herzog August Bibliothel olfenbüttel
964 2816 1475 2893 fa/ Scaſ
1192 2845 1461 2912 1
