2293 3120
492 269 1163 332 Vom verlohrnen Sohn.
238 333 1481 414 in ſignum Iuſtitiæ, non in cauſam juſtificationis: it confeſſio Sacerdoti
224 395 1469 456 ofteitur In ſignum eniæ acce ptæ, non in cau ſam temiſſionis accipiendæ.
232 478 1475 553 Laſſet uns unſere Suͤnden recht erkennen / und ſuͤr Gort unſer
165 526 1474 608 Hertz außſchuͤtten / ſo wird uns Gnade wiederfahren. Was iſt wohl dieUr-
165 588 1475 661 ſach ſo vieler ſchuͤchtern / erſchrockenen und zaghafften Gemuͤhter / als
173 640 1475 708 vielleicht eben dteſe / weil niemand nicht einmahl redlich beichtet / und ſetne
175 692 1474 759 Sunde auffrichtig bekennet. Es gibt Prediger / die mehr auff ihr und der
174 742 1475 815 Zahoͤrer Meel als ihr Seel ſehen, Obrigkeiten / die den Eigen⸗Nutz mehr /
176 795 1475 862 als die gememe Wohlfahrt bed encken. Wer iſt unter uns allen / der ſagen
176 842 1475 915 kan / er habe GOit jemahlen gebeichtet / wie Dantel c. 9. Ja HErr
176 891 1477 964 wir / unſere Konige unſere Fuͤrſten und unſere Vater muͤſſen
176 950 1476 1017 uns ſchaͤmen / daß wir uns an dir verſundiget haben. Sondern
177 994 1476 1066 wir machens alle / wie der ungerechte Haußhalter / und ſchreiben gern fuͤr
178 1049 1475 1120 100. Pfund 5o. an / wir reden uns auß/ und verglimpffens ſo gut wir
176 1101 1476 1168 koͤnnen / oder troſten uns mit andern Exempeln. Wann manje einmahl
181 1154 1478 1220 recht beichtete / ſotoͤrffteGo⁊ nicht ſolche ſchroͤckliche Torturen gebrauch⸗
181 1206 1478 1271 en. Suma: Si tu iple fuers accuſtor, & DES ber atot, quid erit
182 1253 1481 1319 diabolus niſi calumniator? ſagt Auguſtin. ſerm. 48. das iſt: ann
181 1305 1482 1375 du dich ſelber als einen Suͤnder darſtelleſt / und dich GOtt von
181 1360 1482 1423 der Sund erloͤſet / was wird der Teuffel alsdann ſeyn als ein
182 1411 1481 1474 Verleumder: Nun wolan / der Allerhoͤchſte reatere unſere Hertzen/
184 1458 1483 1525 und offne uns unſern Mund / daß wir uns nicht ſcheuen noch ſchaͤmen /
184 1511 1418 1580 unſere Suͤnde zu beichten und zu bekennen / ſo wird es recht heiſſen:
329 1606 1234 1689 Der Menſch fuͤr GOtt wohl ſeligiſt /
365 1673 1099 1742 Dem die Suͤnd iſt vergeben /
348 1725 1329 1805 Auß lauter Gnad durch JEſum Chriſt /
373 1791 1099 1857 Der uns erwarb das Leben /
345 1847 1062 1922 Deckt zu all unſer Miſſethat /
346 1903 1213 1991 Zahlt / was er nicht verſchuldet hat
360 1965 1396 2043 Durch ſein Blut / Tod und Wunden / rc.
574 2081 1120 2154 A MEN.
1335 2321 1571 2382 Die
806 2740 1785 2808 Herzog August Bibliothel olfenbiittel
1315 2819 1569 2903 Ga Scale
