2294 3120
586 305 752 352 90
1188 290 1755 356 Die Eilffte Predigt
799 373 2123 444 Perditè vixi, ich habe uͤbel gnug gelebet / und kunte es nicht aͤrger ma⸗
800 421 2121 485 chen. Hernach in peccata pacri,- iόν cs ſpricht er und fuͤr dir/ fur
802 473 2121 536 deinen Augen; wider die andere Taffel / ohne Scheu / obne Forcht / ich
804 521 2122 588 habe dir das patrimonium herauß gepocht / und mich unter ſtanden dich bey
807 575 2121 638 lebendigem Leib zu erben/ habe deinen ſauren Schwetß mit Huren ver-
806 626 2122 690 praßt / manch ſchoͤnes Geld / das du auffgehoben / durchgejagt / ich bin / mit
808 677 2122 742 einem Wort / ein boͤſer Bub geweßt / da ltgt der gantze Plunder fuͤr denen
810 730 2121 794 Augen. Alſo ſpeyet er eben alles herauß / wie der jeni ʒe / der etwa eine giff⸗
810 779 2121 848 tige / unreine / und ſonſt ungeſunde Speiße zu ſich genommen / keine Ruh
810 832 1471 899 hat / biß ers alles herauß gewurgt.
860 876 2122 946 Il. Haben wir zu mercken Confeſſionis modum, die Art zu beich⸗
814 932 2122 997 ten: Er berichtet . igenuè, redltch/ teutſch herauß / laͤugnet nichts / be⸗
814 980 2123 1050 ſchonet ſeinen Suͤnden⸗Greuel nicht / verringert oder vergleiſtert nichts /
814 1034 2125 1100 viel weniger legt er dte Schuld auff andere. 2 Plenè, er ſchuͤttet ſein gan⸗
816 1088 2125 1153 zes Hertz auß/ wie einer der Gifft zu ſich genommen / alles von ſich geben
817 1140 2124 1200 muß / biß daß der gantze Plunder da vor Augen ligt. 3. pinιaςs,
820 1189 2126 1253 freymuͤndig / und ungeſcheut, er ſagt / Vater / beichtets nicht dem
821 1239 2127 1303 Scharffrichter an der Tortur oder Folter / inder Schwaͤz⸗Schul / da man
824 1293 2130 1355 auch beichtet / aber je mehr man beichtet / je ſchwerere Straffe man zu ge⸗
825 1344 2131 1408 warten hat; Sondern gantz vertraulich / ohne Zwang / ſeinem Vater / je
826 1395 2133 1460 mehr er da beichtete / je mehrere und groͤſſere Gnad er erlangte. Sonderlich
826 1447 2133 1512 aber 4. humiliter, gantz demut ig / dann ohne die Demuth iſt die Beicht
826 1495 2133 1560 keine confeſſio und Bekantnuß / ſondern prof ſſio mali, ein offentlicher
826 1544 2133 1614 Ruhm der Suͤnden. Er ſpricht: Jch bin forrhin nicht mehr werth/
826 1594 2136 1664 daß ich dein Sohn heiſſe; halte mich verth der Enterbung / ich habe
826 1646 2135 1716 das Erb⸗Recht verlohren. Auſſer zweiffel haͤtte er fortzefahren / und ſich
829 1700 2135 1765 als einen Tagloͤhner angegeben wann ihm der Vater nicht in die Rede
829 1753 2135 1818 gefallen waͤre / wie auch der Keyſer Maurttius gethan und aeſagt: uſtus
830 1804 2137 1870 es Domine, &c. HErr du biſt gerecht / und alle dene Gerichte ſind
829 1856 2136 1920 recht.5. Apertè, er hat ſeine Bekantnuß offentlich' gleich wie er zu-
831 1908 2136 1970 vor cιoν τ πærρe vor dem Vater gefrevelt / ſo bei htete er ihm anjetzo
830 1956 2138 2020 unter dem freyen Himmel / wie es dann auch oſſentlich auffgezeichnet wor⸗
832 2010 2138 2073 den / daß wir es ihm alle nachthun ſollen. Gleich wie auch David gethan /
833 2058 2138 2123 der ſeine Suͤnde offentlich ſingen laſſen / und dem Vor ſaͤnger zu ſingen
836 2111 2137 2176 uͤbergeben / Pſ. i. Jch erkenne meine Miſſethat / an dir allein hab
839 2163 2139 2226 ich geſuͤndiget/ und uͤbels fuͤr dir gethan. Paulusr Tim. 1. nennet
837 2209 2140 2276 ſich den groͤſten Suͤnder / ſchreyet ſich ofſentlich auß / er ſeye der fuͤrnem⸗
836 2262 2141 2333 ſte unter allen Suͤndern / aber mir / ſpricht er / iſt Barmhertztgkeit
1913 2356 2153 2417 wieder⸗
488 2750 1469 2820 Herog August Bibliothel Volfenbüttel
488 2829 797 2874 1
488 2829 1396 2918 n ee
