2811 4026
406 1179 536 1223 wieder
552 1176 619 1223 mit
630 1173 745 1219 viclen
756 1177 1024 1223 unrermengten
1037 1179 1142 1217 raten
1153 1164 1416 1226 Erfindungen
1427 1170 1502 1219 und
1514 1174 1806 1220 Experimenten
1812 1173 2005 1231 verſehen
1983 1164 2002 1231 /
2013 1178 2104 1225 einer
2110 1176 2240 1225 merck⸗

633 1231 746 1283 lichen
759 1224 906 1282 Anzahl
920 1228 1061 1292 ſchoͤner
1070 1225 1229 1291 Kupffer
1238 1231 1410 1281 gezieret
1399 1224 1419 1292 /
1416 1236 1494 1285 und
1511 1233 1549 1274 in
1599 1242 1723 1282 Zweyen
1737 1233 2018 1287 abſonderſichen

848 1282 1024 1338 Theilen
1013 1282 1031 1342 /
1033 1283 1136 1326 deren
1143 1285 1240 1335 jeder
1249 1287 1286 1327 in
1296 1283 1430 1337 Sechs
1438 1287 1616 1341 Buͤchern
1627 1287 1793 1342 beſtehet
1783 1282 1793 1342 /

1195 1337 1451 1387 vorgeſtellet;

981 1391 1081 1450 Alſo
1091 1396 1174 1460 und
1184 1392 1397 1450 dergeſtalt
1406 1398 1424 1445 /
1440 1396 1520 1454 daß
1530 1399 1575 1447 in
1587 1400 1678 1449 dem

303 1622 529 1681 Hausmüͤtter
539 1626 674 1667 inihrem
692 1614 818 1681 gantzen
821 1618 976 1673 Beruff
967 1614 981 1681 /
986 1614 1086 1672 ſowol
1097 1622 1215 1663 inner⸗
1224 1623 1281 1663 als
1297 1617 1481 1674 auſſerhalb
1490 1622 1552 1664 des
1561 1623 1699 1676 Hauſes
1711 1614 1718 1681 7
1741 1625 1775 1667 in
1785 1624 1872 1672 allen
1881 1622 2150 1674 Begebenheiten
2158 1625 2226 1666 und
2237 1618 2358 1676 fürfal⸗

383 1676 500 1729 lenden
509 1668 800 1720 Veraͤnderungen
808 1681 823 1713 /
832 1672 889 1712 als
900 1673 980 1720 auch
998 1671 1097 1727 durch
1109 1673 1174 1713 das
1183 1677 1290 1721 gantze
1299 1672 1421 1722 Jahr
1402 1668 1420 1729 /
1433 1675 1495 1714 mit
1503 1676 1587 1729 allen
1598 1674 1753 1718 Arbeiten
1769 1678 1836 1717 und
1843 1674 2073 1721 Anſtellungen
2092 1684 2098 1714 /
2115 1676 2160 1716 im
2168 1675 2274 1724 Haus

524 1727 591 1768 und
601 1723 701 1775 Felde
710 1731 726 1764 /
745 1723 803 1763 und
819 1730 909 1769 gegen
917 1722 1109 1771 Jederman
1123 1730 1161 1769 zu
1168 1723 1335 1768 verhalten
1346 1732 1362 1763 /
1370 1722 1454 1769 auch
1462 1727 1529 1762 wie
1547 1724 1599 1765 die
1610 1723 1821 1771 Weinberge
1843 1733 1857 1764 /
1857 1722 2135 1773 Obſt⸗Kuchen⸗

794 1769 950 1820 Artzney⸗
959 1771 1023 1812 und
1034 1766 1359 1814 Blumen⸗Gaͤrten
1376 1770 1442 1819 auf
1455 1772 1520 1810 das
1539 1771 1621 1821 beſte
1632 1773 1835 1821 einzurichten
1843 1783 1861 1815 /

1067 1828 1109 1869 zu
1120 1823 1250 1861 warten
1262 1821 1328 1861 und
1341 1829 1377 1870 zu
1393 1820 1553 1869 genieſſen
1564 1830 1581 1862 /

1239 1870 1416 1917 enthakten.

306 2090 494 2143 ſtüttereyen
511 2101 518 2133 /
529 2089 580 2132 die
590 2082 786 2138 Pferdzucht
798 2085 865 2126 und
873 2078 1072 2134 Abrichtung
1084 2092 1099 2126 /
1109 2081 1168 2125 als
1176 2079 1260 2133 auch
1274 2084 1309 2137 in
1319 2084 1382 2125 den
1389 2077 1614 2132 Mayerhoͤfen
1625 2084 1715 2126 alles
1726 2082 1826 2133 Bieh
1835 2094 1851 2126 /
1863 2085 1943 2134 groß
1952 2085 2019 2126 und
2027 2077 2109 2126 klein
2122 2095 2139 2125 /
2149 2090 2186 2133 zu
2195 2082 2360 2134 beſtellen/

307 2141 506 2186 aufzubringen
512 2145 529 2177 /
535 2150 567 2181 zu
575 2140 679 2181 pfiegen
685 2141 701 2172 /
708 2146 741 2178 zu
752 2136 904 2177 genieſſen/
918 2139 974 2167 und
989 2139 1033 2167 der
1040 2135 1268 2174 Wieſenwachs/
1277 2134 1343 2172 auch
1352 2137 1394 2166 die
1401 2134 1513 2166 Bienen
1524 2138 1579 2165 und
1588 2133 1805 2167 Seidenwuͤrme
1812 2139 1829 2170 /
1836 2139 1889 2167 mit
1899 2141 1994 2175 gutem
2008 2135 2145 2172 Vortheil
2159 2144 2191 2174 zu
2198 2137 2362 2178 verſorgen
2348 2133 2362 2182 /

418 2183 525 2224 allerley
533 2178 692 2221 Waſſerluſt
700 2183 752 2212 mit
759 2175 915 2212 Bronnen
902 2174 917 2224 /
922 2176 1081 2216 Eiſternen/
1087 2176 1229 2210 Canalen
1221 2174 1236 2224 /
1235 2174 1469 2215 Waſſerkuͤnſten
1462 2174 1473 2224 /
1477 2175 1542 2212 auch
1549 2174 1721 2214 Ausfluͤſſen
1719 2174 1729 2224 /
1729 2175 1830 2211 Seen
1820 2174 1835 2224 /
1837 2176 1969 2214 Teichen
1965 2174 1980 2224 /
1976 2177 2137 2213 Weybern
2129 2174 2145 2224 /
2145 2174 2260 2217 Baͤchen

562 2226 618 2259 und
625 2219 797 2263 Fiſchereyen
806 2227 837 2259 zu
844 2217 991 2260 ſchoͤpffen
980 2214 995 2263 /
998 2220 1039 2249 die
1047 2214 1176 2255 Gehuͤltze
1184 2225 1216 2257 zu
1223 2217 1376 2256 pflantzen
1365 2214 1380 2263 /
1389 2223 1418 2257 zu
1423 2218 1551 2253 hayden
1536 2214 1551 2263 /
1555 2220 1590 2254 zu
1596 2215 1765 2254 verbeſſern;
1783 2218 1849 2252 auch
1861 2217 2002 2255 allerhand
2011 2218 2109 2251 Weid⸗

751 2260 900 2297 werck
839 2255 849 2300 /
861 2260 900 2297 mit
908 2260 1024 2300 groſſem
1033 2261 1089 2291 und
1100 2258 1213 2293 kleinem
1219 2257 1379 2297 Wildpret/
1386 2256 1488 2288 Wald⸗
1495 2260 1551 2289 und
1558 2255 1741 2298 Feldgefiuͤgel
1748 2266 1780 2298 zu
1789 2257 1894 2290 treiben
1900 2264 1916 2295 /

1183 2298 1366 2341 abgehandelt
1378 2300 1461 2334 wird.

1136 2426 1208 2467 ans
1220 2415 1334 2473 Liecht
1349 2418 1514 2473 gegeben.

731 3560 1012 3622 nachgelaſſenen
1023 3554 1167 3610 Wittib
1179 3562 1254 3608 und
1263 3557 1400 3609 Erben.
1434 3559 1513 3615 Im
1527 3558 1634 3616 Jahr
1646 3558 1782 3620 Chriſti
1837 3558 1942 3600 x682.
