2811 4027
436 784 543 875 An
562 790 646 865 die
657 773 1125 882 Hochloblichen
1114 769 1134 886 /
1144 777 1333 860 beeder
1352 769 1898 953 Errzſereggchun
1909 776 2259 883 Geſterreich

726 959 751 962 .
972 878 1259 973 Unter⸗
1186 873 1277 973 und
1282 877 1402 965 Gb⸗
1422 877 1499 935 der
1518 873 1645 961 Enn
1677 895 1882 973 —

623 965 939 1100 geſamte
960 966 1304 1095 Herren
1316 957 1662 1095 Fherren
1677 967 2064 1100 Ftande.

840 1155 1054 1220 komme
1074 1150 1254 1241 nicht
1228 1149 1257 1246 /
1273 1156 1380 1219 mit
1398 1151 1629 1235 dieſem
1620 1149 1649 1246 /
1652 1149 2091 1246 Hochwehrteſte
2110 1162 2358 1246 Herren
2330 1149 2358 1246 /

707 1239 1063 1323 Herren
932 1236 959 1333 /
977 1236 1067 1333 Eur
1075 1236 1394 1323 Gunſtund
1404 1239 1812 1326 Freundſchafft
1823 1251 2032 1329 einigen
2042 1247 2361 1333 Unterricht

783 1330 874 1394 der
890 1323 1312 1417 Haushaltung
1336 1330 1454 1393 und
1480 1323 1931 1413 Wirthſchafften
1975 1331 2207 1418 (welche
2221 1335 2361 1420 ohne

546 1412 821 1506 diß
795 1409 822 1506 /
834 1415 916 1478 die
926 1409 1145 1500 meiſten
1164 1417 1324 1477 unter
1333 1409 1533 1494 Ihnen
1544 1413 1940 1506 haubtſächlich
1951 1419 2362 1506 verſtehen
2230 1409 2257 1506 /
2274 1409 2362 1506 und

504 1504 816 1565 Voon
827 1501 997 1564 denen
1010 1494 1090 1576 ich
1103 1492 1247 1580 ſelbſt
1258 1493 1439 1576 beſſere
1454 1501 1778 1562 intormation
1790 1504 2153 1588 nehmen
2034 1492 2053 1593 /
2079 1492 2162 1593 als
2163 1507 2361 1593 Ihnen

346 1594 510 1679 geben
519 1590 704 1660 koͤnte)
730 1580 1199 1679 vorzuſchreiben;
1230 1581 1457 1664 ſondern
1486 1585 1758 1681 vielmehr
1780 1589 1911 1674 dieſe
1928 1598 2107 1662 meine
2128 1589 2363 1674 Gedan

336 1683 652 1753 cken
472 1662 497 1757 /
521 1683 652 1753 deren
663 1676 963 1753 geneigtem
971 1662 1194 1750 Urtheil
1207 1673 1322 1766 und
1334 1669 1729 1755 willfährigem
1741 1674 1951 1760 Schutz
1964 1687 2032 1763 zu
2043 1682 2365 1764 unteꝛgeben

349 1772 465 1836 und
477 1765 843 1850 zuzueignen.
892 1754 1007 1836 Ich
1028 1753 1148 1823 will
1169 1752 1337 1821 allein
1356 1755 1469 1839 hier
1486 1756 1702 1827 melden
1721 1771 1746 1836 /
1765 1756 1877 1848 daß
1896 1762 1980 1832 die
1999 1765 2364 1850 geſchickliche

350 1843 739 1933 Wiſſenſchafft
759 1838 901 1921 recht
915 1842 1102 1943 Haus
1110 1851 1175 1923 zu
1188 1838 1375 1921 balten
1388 1851 1412 1915 /
1427 1843 1564 1925 nach
1584 1847 1674 1913 der
1690 1842 2099 1934 Himmliſchen
2121 1846 2365 1924 Scelen⸗

350 1939 637 2022 Nahrung
648 1935 729 1997 die
743 1925 1142 2009 allernohtigſie
1160 1924 1234 2025 ſey
1261 1936 1268 2025 /
1278 1928 1573 2013 angeſehen
1592 1925 1748 2019 unſer
1770 1936 2156 2023 menſchliches
2170 1937 2365 2015 Leben
2344 1924 2363 2025 /

350 2026 586 2105 woferne
606 2023 712 2086 wir
732 2018 815 2082 die
834 2012 1022 2095 wahre
1041 2006 1355 2097 Chriſtliche
1375 2013 1523 2085 Liebe
1541 2020 1661 2097 und
1681 2020 1941 2103 Einigkeit
1965 2029 2026 2092 in
2047 2030 2173 2094 uns
2192 2031 2367 2109 einge⸗

351 2109 585 2193 wurtzelt
597 2103 812 2187 haͤtten
802 2097 820 2194 /
823 2102 1077 2168 einander
1092 2097 1239 2180 nicht
1255 2099 1595 2185 beleidigten
1580 2097 1607 2194 /
1608 2108 2051 2194 unterdruͤckten
2035 2097 2062 2194 /
2064 2113 2190 2181 oder
2200 2107 2367 2182 uͤber⸗

352 2193 693 2278 vortheilten
678 2183 706 2283 /
702 2189 871 2255 keiner
881 2188 1090 2279 andern
1108 2183 1425 2268 Obrigkeit
1440 2188 1543 2257 /als
1562 2189 1820 2263 GOttes
1829 2206 1855 2271 /
1866 2190 2036 2265 keiner
2050 2192 2368 2283 Rechtsge⸗

354 2283 556 2367 lehrten
564 2289 590 2352 /
604 2275 704 2341 als
716 2277 809 2340 der
829 2267 1271 2358 eingepflantzten
1280 2273 1600 2356 Billigkeit
1594 2267 1622 2368 /
1648 2287 1740 2360 was
1776 2267 1866 2368 man
1927 2278 2075 2368 ſelbſt
2087 2294 2222 2367 gern
2241 2286 2368 2356 oder

353 2375 591 2452 ungerne
603 2355 675 2452 hat
707 2367 724 2433 /
760 2361 839 2424 und
847 2358 1021 2445 keiner
1037 2355 1368 2438 Aertzte
1259 2355 1277 2452 /
1294 2355 1373 2452 als
1379 2373 1489 2427 nur
1501 2366 1594 2429 der
1605 2364 1914 2444 Maͤſſigleit
1950 2355 2205 2452 bedoͤrfſen
2239 2355 2368 2452 wuͤr⸗

354 2464 494 2530 den;
542 2456 615 2521 da
626 2448 888 2532 hingegen
900 2443 1088 2510 GOtt
1106 2445 1197 2508 der
1216 2441 1412 2526 oberſte
1433 2439 1749 2534 Schöpfer,
1765 2445 2146 2537 Erhalterund
2159 2453 2368 2538 Haus⸗

355 2551 532 2612 vatter
542 2530 840 2625 Himmels
851 2531 966 2594 und
978 2532 1066 2595 der
1078 2528 1426 2622 Erden
1278 2526 1305 2625 /
1332 2526 1431 2625 dem
1437 2526 1759 2625 Renſchen
1746 2526 1773 2625 /
1774 2534 1910 2619 noch
1926 2543 2008 2606 im
2034 2526 2230 2625 Stande
2268 2536 2367 2623 der

356 2625 658 2712 Unſchuld
636 2612 664 2714 /
667 2619 767 2687 als
777 2618 969 2700 ſeinem
987 2612 1561 2714 Verwalter
1323 2612 1343 2714 /
1360 2612 1561 2714 Pfleger
1570 2622 1687 2698 und
1700 2622 2027 2706 Oberwogt
2002 2612 2030 2714 /
2047 2612 2186 2714 nicht
2203 2625 2364 2706 allein

356 2723 438 2786 die
450 2704 814 2793 Mayrſchafft
826 2703 941 2768 und
952 2698 1211 2799 Obſicht
1222 2699 1352 2801 /uber
1371 2701 1478 2780 alle
1488 2702 1658 2796 ſeine/
1665 2708 1774 2793 auf
1782 2712 1907 2795 dem
1928 2721 2146 2798 gantzen
2157 2708 2365 2787 Erdbo⸗

343 2807 561 2877 den
472 2784 501 2885 /
570 2791 711 2874 inLufft
733 2791 858 2884 und
860 2784 1111 2865 Waſſern
1132 2784 1440 2870 befindliche
1452 2790 1792 2877 Geſchöpfe
1835 2794 2062 2879 ſondern
2089 2798 2233 2885 alich
2247 2801 2365 2872 das

368 2888 599 2967 liebliche
609 2879 862 2978 Paradiß
875 2875 1368 2968 anvertrauet
1233 2875 1252 2978 /
1279 2875 1354 2978 und
1379 2876 1596 2962 daſelbſt
1607 2879 1867 2967 eingeſetzt
1899 2889 1983 2953 und
2004 2884 2227 2956 inſtalurt
2239 2889 2361 2971 hat
2343 2875 2361 2978 /

359 2977 505 3059 nicht
516 2968 624 3054 daß
635 2982 689 3050 er
708 2959 904 3058 muͤſſig
918 2962 1186 3026 darinnen
1199 2955 1395 3042 herum
1404 2962 1962 3048 Luſt⸗wandeln
1820 2955 1849 3059 /
1876 2955 1951 3059 und
1976 2968 2088 3056 alſo
2099 2968 2230 3056 ſeine
2239 2975 2361 3044 Tä⸗

359 3079 424 3146 ge
439 3068 500 3129 in
515 3053 869 3135 Muͤſſiggang
881 3045 1161 3128 berzehren
1174 3044 1338 3129 ſolte;
1384 3053 1464 3109 ſed
1482 3069 1537 3110 ur
1555 3072 1830 3134 operaretur
1864 3068 1889 3118 &
1923 3065 2182 3120 cuſtodiret
2202 3067 2361 3127 illum,

362 3148 473 3234 daß
483 3163 538 3214 er
551 3145 649 3227 ihn
661 3141 848 3206 bauete
860 3133 973 3197 und
983 3132 1301 3232 bewahrete.
1323 3134 1625 3217 Inmaſſen
1636 3144 2146 3231 denckwuͤrdig
2017 3132 2045 3234 /
2072 3132 2155 3234 daß
2157 3149 2360 3231 Moſes

363 3233 510 3316 nicht
520 3217 915 3318 meldet
722 3217 741 3318 /
767 3217 850 3318 als
876 3217 932 3318 ob
929 3217 1115 3286 GOtt
1126 3218 1297 3301 dieſen
1307 3219 1625 3307 holdſeligen
1638 3225 2018 3317 Freuden⸗Ort
2057 3217 2166 3318 (wie
2203 3235 2363 3316 ſeiner

364 3314 652 3395 Allmacht
662 3309 774 3394 ſehr
784 3302 934 3385 leicht
946 3303 1181 3388 geweſen
1191 3306 1342 3377 waͤre
1387 3318 1507 3376 )aus
1519 3309 1863 3395 Nichts
1740 3302 1768 3403 /
1786 3302 1868 3403 wie
1874 3319 1989 3385 das
2005 3321 2201 3388 andere
2219 3320 2363 3403 groſ⸗

365 3406 409 3490 ſe
421 3397 779 3482 Weltgebaͤue
791 3389 1093 3474 erſchaffen
1078 3389 1106 3490 /
1118 3396 1324 3461 ſondern
1337 3395 1623 3479 gleichſam
1631 3406 1737 3483 mit
1752 3401 2202 3486 abſonderlichem
2213 3404 2363 3473 belie⸗

1624 3526 1655 3567 a
1690 3518 1722 3574 ij
2237 3519 2364 3581 bigen
