<?xml version="1.0" encoding="UTF-8"?>
<pc:PcGts xmlns:pc="http://schema.primaresearch.org/PAGE/gts/pagecontent/2019-07-15" xmlns:xsi="http://www.w3.org/2001/XMLSchema-instance" xsi:schemaLocation="http://schema.primaresearch.org/PAGE/gts/pagecontent/2019-07-15 http://schema.primaresearch.org/PAGE/gts/pagecontent/2019-07-15/pagecontent.xsd" pcGtsId="OCR-D-OCR_0003">
    <pc:Metadata>
        <pc:Creator>OCR-D/core 2.71.0</pc:Creator>
        <pc:Created>2025-04-10T09:25:58.461501</pc:Created>
        <pc:LastChange>2025-04-10T09:25:58.461501</pc:LastChange>
        <pc:MetadataItem type="processingStep" name="layout/segmentation/region" value="ocrd-tesserocr-recognize">
            <pc:Labels externalModel="ocrd-tool" externalId="parameters">
                <pc:Label value="region" type="segmentation_level"/>
                <pc:Label value="word" type="textequiv_level"/>
                <pc:Label value="True" type="find_tables"/>
                <pc:Label value="german_print" type="model"/>
                <pc:Label value="0" type="dpi"/>
                <pc:Label value="0" type="padding"/>
                <pc:Label value="False" type="overwrite_segments"/>
                <pc:Label value="True" type="overwrite_text"/>
                <pc:Label value="False" type="shrink_polygons"/>
                <pc:Label value="False" type="block_polygons"/>
                <pc:Label value="False" type="find_staves"/>
                <pc:Label value="False" type="sparse_text"/>
                <pc:Label value="False" type="raw_lines"/>
                <pc:Label value="" type="char_whitelist"/>
                <pc:Label value="" type="char_blacklist"/>
                <pc:Label value="" type="char_unblacklist"/>
                <pc:Label value="{}" type="tesseract_parameters"/>
                <pc:Label value="{}" type="xpath_parameters"/>
                <pc:Label value="{}" type="xpath_model"/>
                <pc:Label value="False" type="auto_model"/>
                <pc:Label value="DEFAULT" type="oem"/>
            </pc:Labels>
            <pc:Labels externalModel="ocrd-tool" externalId="version">
                <pc:Label value="0.19.1 (tesseract 5.4.1)" type="ocrd-tesserocr-recognize"/>
                <pc:Label value="2.71.0" type="ocrd/core"/>
            </pc:Labels>
        </pc:MetadataItem>
    </pc:Metadata>
    <pc:Page imageFilename="GT-PAGE/lohenstein_agrippina_1665_0121.tif" imageWidth="1214" imageHeight="1916">
        <pc:AlternativeImage filename="OCR-D-OCR/OCR-D-OCR_0003.IMG-BIN.png" comments=",binarized,clipped"/>
        <pc:ReadingOrder>
            <pc:OrderedGroup id="reading-order">
                <pc:RegionRefIndexed index="0" regionRef="region0000"/>
                <pc:OrderedGroupIndexed id="region0001_order" regionRef="region0001" index="1">
                    <pc:RegionRefIndexed index="0" regionRef="region0001_cell0000"/>
                </pc:OrderedGroupIndexed>
                <pc:RegionRefIndexed index="2" regionRef="region0002"/>
                <pc:RegionRefIndexed index="3" regionRef="region0003"/>
                <pc:RegionRefIndexed index="4" regionRef="region0004"/>
                <pc:RegionRefIndexed index="5" regionRef="region0005"/>
                <pc:OrderedGroupIndexed id="region0006_order" regionRef="region0006" index="6">
                    <pc:RegionRefIndexed index="0" regionRef="region0006_cell0000"/>
                    <pc:RegionRefIndexed index="1" regionRef="region0006_cell0001"/>
                    <pc:RegionRefIndexed index="2" regionRef="region0006_cell0002"/>
                </pc:OrderedGroupIndexed>
                <pc:RegionRefIndexed index="7" regionRef="region0007"/>
                <pc:RegionRefIndexed index="8" regionRef="region0008"/>
                <pc:RegionRefIndexed index="9" regionRef="region0009"/>
            </pc:OrderedGroup>
        </pc:ReadingOrder>
        <pc:TextRegion id="region0000" orientation="0.086781835613465" readingDirection="left-to-right" textLineOrder="top-to-bottom">
            <pc:Coords points="0,114 1094,114 1094,520 0,520"/>
            <pc:TextLine id="region0000_line0000">
                <pc:Coords points="39,114 923,114 923,154 39,154"/>
                <pc:Word id="region0000_line0000_word0000">
                    <pc:Coords points="39,122 53,122 53,154 39,154"/>
                    <pc:TextEquiv conf="0.263556976318359">
                        <pc:Unicode>85</pc:Unicode>
                    </pc:TextEquiv>
                </pc:Word>
                <pc:Word id="region0000_line0000_word0001">
                    <pc:Coords points="295,128 318,128 318,140 295,140"/>
                    <pc:TextEquiv conf="0.">
                        <pc:Unicode>8</pc:Unicode>
                    </pc:TextEquiv>
                </pc:Word>
                <pc:Word id="region0000_line0000_word0002">
                    <pc:Coords points="372,132 401,132 401,142 372,142"/>
                    <pc:TextEquiv conf="0.">
                        <pc:Unicode>.</pc:Unicode>
                    </pc:TextEquiv>
                </pc:Word>
                <pc:Word id="region0000_line0000_word0003">
                    <pc:Coords points="553,114 614,114 614,145 553,145"/>
                    <pc:TextEquiv conf="0.8968310546875">
                        <pc:Unicode>103.</pc:Unicode>
                    </pc:TextEquiv>
                </pc:Word>
                <pc:Word id="region0000_line0000_word0004">
                    <pc:Coords points="746,137 752,137 752,146 746,146"/>
                    <pc:TextEquiv conf="0.">
                        <pc:Unicode>.</pc:Unicode>
                    </pc:TextEquiv>
                </pc:Word>
                <pc:Word id="region0000_line0000_word0005">
                    <pc:Coords points="919,139 923,139 923,143 919,143"/>
                    <pc:TextEquiv conf="0.">
                        <pc:Unicode>.</pc:Unicode>
                    </pc:TextEquiv>
                </pc:Word>
                <pc:TextEquiv conf="0.86006467183431">
                    <pc:Unicode>85 8 . 103. . .</pc:Unicode>
                </pc:TextEquiv>
            </pc:TextLine>
            <pc:TextLine id="region0000_line0001">
                <pc:Coords points="0,141 972,141 972,196 0,196"/>
                <pc:Word id="region0000_line0001_word0000">
                    <pc:Coords points="137,149 318,149 318,192 137,192"/>
                    <pc:TextEquiv conf="0.85193717956543">
                        <pc:Unicode>Derſelben</pc:Unicode>
                    </pc:TextEquiv>
                </pc:Word>
                <pc:Word id="region0000_line0001_word0001">
                    <pc:Coords points="321,141 309,141 309,196 321,196"/>
                    <pc:TextEquiv conf="0.798694915771484">
                        <pc:Unicode>/</pc:Unicode>
                    </pc:TextEquiv>
                </pc:Word>
                <pc:Word id="region0000_line0001_word0002">
                    <pc:Coords points="336,154 376,154 376,189 336,189"/>
                    <pc:TextEquiv conf="0.723155670166016">
                        <pc:Unicode>der</pc:Unicode>
                    </pc:TextEquiv>
                </pc:Word>
                <pc:Word id="region0000_line0001_word0003">
                    <pc:Coords points="393,157 447,157 447,184 393,184"/>
                    <pc:TextEquiv conf="0.723155670166016">
                        <pc:Unicode>man</pc:Unicode>
                    </pc:TextEquiv>
                </pc:Word>
                <pc:Word id="region0000_line0001_word0004">
                    <pc:Coords points="462,149 510,149 510,189 462,189"/>
                    <pc:TextEquiv conf="0.845390930175781">
                        <pc:Unicode>wil</pc:Unicode>
                    </pc:TextEquiv>
                </pc:Word>
                <pc:Word id="region0000_line0001_word0005">
                    <pc:Coords points="517,148 575,148 575,181 517,181"/>
                    <pc:TextEquiv conf="0.845390930175781">
                        <pc:Unicode>kein</pc:Unicode>
                    </pc:TextEquiv>
                </pc:Word>
                <pc:Word id="region0000_line0001_word0006">
                    <pc:Coords points="585,147 679,147 679,181 585,181"/>
                    <pc:TextEquiv conf="0.895903778076172">
                        <pc:Unicode>Blutt</pc:Unicode>
                    </pc:TextEquiv>
                </pc:Word>
                <pc:Word id="region0000_line0001_word0007">
                    <pc:Coords points="688,152 751,152 751,187 688,187"/>
                    <pc:TextEquiv conf="0.885867385864258">
                        <pc:Unicode>zum</pc:Unicode>
                    </pc:TextEquiv>
                </pc:Word>
                <pc:Word id="region0000_line0001_word0008">
                    <pc:Coords points="758,143 862,143 862,186 758,186"/>
                    <pc:TextEquiv conf="0.796861267089844">
                        <pc:Unicode>Opffer</pc:Unicode>
                    </pc:TextEquiv>
                </pc:Word>
                <pc:Word id="region0000_line0001_word0009">
                    <pc:Coords points="870,141 972,141 972,187 870,187"/>
                    <pc:TextEquiv conf="0.192035675048828">
                        <pc:Unicode>geben.</pc:Unicode>
                    </pc:TextEquiv>
                </pc:Word>
                <pc:TextEquiv conf="0.755839340209961">
                    <pc:Unicode>Derſelben / der man wil kein Blutt zum Opffer geben.</pc:Unicode>
                </pc:TextEquiv>
            </pc:TextLine>
            <pc:TextLine id="region0000_line0002">
                <pc:Coords points="46,174 1018,174 1018,231 46,231"/>
                <pc:Word id="region0000_line0002_word0000">
                    <pc:Coords points="46,197 137,197 137,202 46,202"/>
                    <pc:TextEquiv conf="0.04756965637207">
                        <pc:Unicode>(65.</pc:Unicode>
                    </pc:TextEquiv>
                </pc:Word>
                <pc:Word id="region0000_line0002_word0001">
                    <pc:Coords points="223,174 155,174 155,231 223,231"/>
                    <pc:TextEquiv conf="0.898811416625977">
                        <pc:Unicode>Weil</pc:Unicode>
                    </pc:TextEquiv>
                </pc:Word>
                <pc:Word id="region0000_line0002_word0002">
                    <pc:Coords points="231,193 374,193 374,231 231,231"/>
                    <pc:TextEquiv conf="0.117797393798828">
                        <pc:Unicode>Niemand</pc:Unicode>
                    </pc:TextEquiv>
                </pc:Word>
                <pc:Word id="region0000_line0002_word0003">
                    <pc:Coords points="383,194 427,194 427,228 383,228"/>
                    <pc:TextEquiv conf="0.911848602294922">
                        <pc:Unicode>ihr</pc:Unicode>
                    </pc:TextEquiv>
                </pc:Word>
                <pc:Word id="region0000_line0002_word0004">
                    <pc:Coords points="438,190 559,190 559,225 438,225"/>
                    <pc:TextEquiv conf="0.912022399902344">
                        <pc:Unicode>Gebein</pc:Unicode>
                    </pc:TextEquiv>
                </pc:Word>
                <pc:Word id="region0000_line0002_word0005">
                    <pc:Coords points="570,189 627,189 627,221 570,221"/>
                    <pc:TextEquiv conf="0.930547714233398">
                        <pc:Unicode>aus</pc:Unicode>
                    </pc:TextEquiv>
                </pc:Word>
                <pc:Word id="region0000_line0002_word0006">
                    <pc:Coords points="774,174 637,174 637,231 774,231"/>
                    <pc:TextEquiv conf="0.853018341064453">
                        <pc:Unicode>koſtbarm</pc:Unicode>
                    </pc:TextEquiv>
                </pc:Word>
                <pc:Word id="region0000_line0002_word0007">
                    <pc:Coords points="887,174 789,174 789,231 887,231"/>
                    <pc:TextEquiv conf="0.853018341064453">
                        <pc:Unicode>Waſſer</pc:Unicode>
                    </pc:TextEquiv>
                </pc:Word>
                <pc:Word id="region0000_line0002_word0008">
                    <pc:Coords points="894,174 1018,174 1018,225 894,225"/>
                    <pc:TextEquiv conf="0.09805908203125">
                        <pc:Unicode>waͤſch't/</pc:Unicode>
                    </pc:TextEquiv>
                </pc:Word>
                <pc:TextEquiv conf="0.624743660820855">
                    <pc:Unicode>(65. Weil Niemand ihr Gebein aus koſtbarm Waſſer waͤſch't/</pc:Unicode>
                </pc:TextEquiv>
            </pc:TextLine>
            <pc:TextLine id="region0000_line0003">
                <pc:Coords points="2,224 1028,224 1028,279 2,279"/>
                <pc:Word id="region0000_line0003_word0000">
                    <pc:Coords points="2,249 49,249 49,279 2,279"/>
                    <pc:TextEquiv conf="0.436442108154297">
                        <pc:Unicode>r.</pc:Unicode>
                    </pc:TextEquiv>
                </pc:Word>
                <pc:Word id="region0000_line0003_word0001">
                    <pc:Coords points="143,236 209,236 209,266 143,266"/>
                    <pc:TextEquiv conf="0.905818023681641">
                        <pc:Unicode>Und</pc:Unicode>
                    </pc:TextEquiv>
                </pc:Word>
                <pc:Word id="region0000_line0003_word0002">
                    <pc:Coords points="220,238 262,238 262,266 220,266"/>
                    <pc:TextEquiv conf="0.905818023681641">
                        <pc:Unicode>die</pc:Unicode>
                    </pc:TextEquiv>
                </pc:Word>
                <pc:Word id="region0000_line0003_word0003">
                    <pc:Coords points="273,235 339,235 339,273 273,273"/>
                    <pc:TextEquiv conf="0.928073883056641">
                        <pc:Unicode>noch</pc:Unicode>
                    </pc:TextEquiv>
                </pc:Word>
                <pc:Word id="region0000_line0003_word0004">
                    <pc:Coords points="459,224 355,224 355,279 459,279"/>
                    <pc:TextEquiv conf="0.521479606628418">
                        <pc:Unicode>glimme</pc:Unicode>
                    </pc:TextEquiv>
                </pc:Word>
                <pc:Word id="region0000_line0003_word0005">
                    <pc:Coords points="553,224 468,224 468,279 553,279"/>
                    <pc:TextEquiv conf="0.521479606628418">
                        <pc:Unicode>Glutt</pc:Unicode>
                    </pc:TextEquiv>
                </pc:Word>
                <pc:Word id="region0000_line0003_word0006">
                    <pc:Coords points="567,231 648,231 648,266 567,266"/>
                    <pc:TextEquiv conf="0.896155548095703">
                        <pc:Unicode>durch</pc:Unicode>
                    </pc:TextEquiv>
                </pc:Word>
                <pc:Word id="region0000_line0003_word0007">
                    <pc:Coords points="655,230 729,230 729,261 655,261"/>
                    <pc:TextEquiv conf="0.889619140625">
                        <pc:Unicode>keine</pc:Unicode>
                    </pc:TextEquiv>
                </pc:Word>
                <pc:Word id="region0000_line0003_word0008">
                    <pc:Coords points="737,226 844,226 844,264 737,264"/>
                    <pc:TextEquiv conf="0.848309173583984">
                        <pc:Unicode>Thraͤn</pc:Unicode>
                    </pc:TextEquiv>
                </pc:Word>
                <pc:Word id="region0000_line0003_word0009">
                    <pc:Coords points="853,224 1028,224 1028,267 853,267"/>
                    <pc:TextEquiv conf="0.755803604125977">
                        <pc:Unicode>außlaͤſch't/</pc:Unicode>
                    </pc:TextEquiv>
                </pc:Word>
                <pc:TextEquiv conf="0.760899871826172">
                    <pc:Unicode>r. Und die noch glimme Glutt durch keine Thraͤn außlaͤſch't/</pc:Unicode>
                </pc:TextEquiv>
            </pc:TextLine>
            <pc:TextLine id="region0000_line0004">
                <pc:Coords points="2,267 1031,267 1031,321 2,321"/>
                <pc:Word id="region0000_line0004_word0000">
                    <pc:Coords points="2,293 27,293 27,321 2,321"/>
                    <pc:TextEquiv conf="0.315421981811523">
                        <pc:Unicode>rt</pc:Unicode>
                    </pc:TextEquiv>
                </pc:Word>
                <pc:Word id="region0000_line0004_word0001">
                    <pc:Coords points="143,277 196,277 196,308 143,308"/>
                    <pc:TextEquiv conf="0.927847442626953">
                        <pc:Unicode>So</pc:Unicode>
                    </pc:TextEquiv>
                </pc:Word>
                <pc:Word id="region0000_line0004_word0002">
                    <pc:Coords points="206,276 299,276 299,315 206,315"/>
                    <pc:TextEquiv conf="0.638343696594238">
                        <pc:Unicode>waſch'</pc:Unicode>
                    </pc:TextEquiv>
                </pc:Word>
                <pc:Word id="region0000_line0004_word0003">
                    <pc:Coords points="310,274 367,274 367,307 310,307"/>
                    <pc:TextEquiv conf="0.638343696594238">
                        <pc:Unicode>und</pc:Unicode>
                    </pc:TextEquiv>
                </pc:Word>
                <pc:Word id="region0000_line0004_word0004">
                    <pc:Coords points="378,275 458,275 458,315 378,315"/>
                    <pc:TextEquiv conf="0.931538009643555">
                        <pc:Unicode>leſche</pc:Unicode>
                    </pc:TextEquiv>
                </pc:Word>
                <pc:Word id="region0000_line0004_word0005">
                    <pc:Coords points="470,276 510,276 510,313 470,313"/>
                    <pc:TextEquiv conf="0.931538009643555">
                        <pc:Unicode>ſie</pc:Unicode>
                    </pc:TextEquiv>
                </pc:Word>
                <pc:Word id="region0000_line0004_word0006">
                    <pc:Coords points="526,276 586,276 586,305 526,305"/>
                    <pc:TextEquiv conf="0.922572860717773">
                        <pc:Unicode>mein</pc:Unicode>
                    </pc:TextEquiv>
                </pc:Word>
                <pc:Word id="region0000_line0004_word0007">
                    <pc:Coords points="601,272 764,272 764,311 601,311"/>
                    <pc:TextEquiv conf="0.922162780761719">
                        <pc:Unicode>ſpritzendes</pc:Unicode>
                    </pc:TextEquiv>
                </pc:Word>
                <pc:Word id="region0000_line0004_word0008">
                    <pc:Coords points="782,267 1031,267 1031,310 782,310"/>
                    <pc:TextEquiv conf="0.010185394287109">
                        <pc:Unicode>Geblüͤtte;</pc:Unicode>
                    </pc:TextEquiv>
                </pc:Word>
                <pc:TextEquiv conf="0.693105985853407">
                    <pc:Unicode>rt So waſch' und leſche ſie mein ſpritzendes Geblüͤtte;</pc:Unicode>
                </pc:TextEquiv>
            </pc:TextLine>
            <pc:TextLine id="region0000_line0005">
                <pc:Coords points="144,307 1061,307 1061,359 144,359"/>
                <pc:Word id="region0000_line0005_word0000">
                    <pc:Coords points="144,318 190,318 190,352 144,352"/>
                    <pc:TextEquiv conf="0.914218673706055">
                        <pc:Unicode>Eh</pc:Unicode>
                    </pc:TextEquiv>
                </pc:Word>
                <pc:Word id="region0000_line0005_word0001">
                    <pc:Coords points="200,317 247,317 247,349 200,349"/>
                    <pc:TextEquiv conf="0.897883529663086">
                        <pc:Unicode>als</pc:Unicode>
                    </pc:TextEquiv>
                </pc:Word>
                <pc:Word id="region0000_line0005_word0002">
                    <pc:Coords points="260,322 301,322 301,352 260,352"/>
                    <pc:TextEquiv conf="0.897883529663086">
                        <pc:Unicode>der</pc:Unicode>
                    </pc:TextEquiv>
                </pc:Word>
                <pc:Word id="region0000_line0005_word0003">
                    <pc:Coords points="416,307 320,307 320,359 416,359"/>
                    <pc:TextEquiv conf="0.515335121154785">
                        <pc:Unicode>Kaͤyſer</pc:Unicode>
                    </pc:TextEquiv>
                </pc:Word>
                <pc:Word id="region0000_line0005_word0004">
                    <pc:Coords points="425,316 493,316 493,353 425,353"/>
                    <pc:TextEquiv conf="0.917158126831055">
                        <pc:Unicode>mich</pc:Unicode>
                    </pc:TextEquiv>
                </pc:Word>
                <pc:Word id="region0000_line0005_word0005">
                    <pc:Coords points="515,318 557,318 557,347 515,347"/>
                    <pc:TextEquiv conf="0.926157684326172">
                        <pc:Unicode>mit</pc:Unicode>
                    </pc:TextEquiv>
                </pc:Word>
                <pc:Word id="region0000_line0005_word0006">
                    <pc:Coords points="655,307 575,307 575,359 655,359"/>
                    <pc:TextEquiv conf="0.926774139404297">
                        <pc:Unicode>Blitz</pc:Unicode>
                    </pc:TextEquiv>
                </pc:Word>
                <pc:Word id="region0000_line0005_word0007">
                    <pc:Coords points="653,316 714,316 714,344 653,344"/>
                    <pc:TextEquiv conf="0.929324569702148">
                        <pc:Unicode>und</pc:Unicode>
                    </pc:TextEquiv>
                </pc:Word>
                <pc:Word id="region0000_line0005_word0008">
                    <pc:Coords points="725,311 781,311 781,347 725,347"/>
                    <pc:TextEquiv conf="0.928659362792969">
                        <pc:Unicode>Ach</pc:Unicode>
                    </pc:TextEquiv>
                </pc:Word>
                <pc:Word id="region0000_line0005_word0009">
                    <pc:Coords points="790,307 1061,307 1061,359 790,359"/>
                    <pc:TextEquiv conf="0.507369422912598">
                        <pc:Unicode>umbſchuͤtte.</pc:Unicode>
                    </pc:TextEquiv>
                </pc:Word>
                <pc:TextEquiv conf="0.836076416015625">
                    <pc:Unicode>Eh als der Kaͤyſer mich mit Blitz und Ach umbſchuͤtte.</pc:Unicode>
                </pc:TextEquiv>
            </pc:TextLine>
            <pc:TextLine id="region0000_line0006">
                <pc:Coords points="0,348 1031,348 1031,413 0,413"/>
                <pc:Word id="region0000_line0006_word0000">
                    <pc:Coords points="0,371 49,371 49,413 0,413"/>
                    <pc:TextEquiv conf="0.151573028564453">
                        <pc:Unicode>14</pc:Unicode>
                    </pc:TextEquiv>
                </pc:Word>
                <pc:Word id="region0000_line0006_word0001">
                    <pc:Coords points="144,358 215,358 215,392 144,392"/>
                    <pc:TextEquiv conf="0.921066436767578">
                        <pc:Unicode>Viel</pc:Unicode>
                    </pc:TextEquiv>
                </pc:Word>
                <pc:Word id="region0000_line0006_word0002">
                    <pc:Coords points="223,358 324,358 324,399 223,399"/>
                    <pc:TextEquiv conf="0.879215240478516">
                        <pc:Unicode>beſſer:</pc:Unicode>
                    </pc:TextEquiv>
                </pc:Word>
                <pc:Word id="region0000_line0006_word0003">
                    <pc:Coords points="334,358 406,358 406,396 334,396"/>
                    <pc:TextEquiv conf="0.925832595825195">
                        <pc:Unicode>Daß</pc:Unicode>
                    </pc:TextEquiv>
                </pc:Word>
                <pc:Word id="region0000_line0006_word0004">
                    <pc:Coords points="417,361 461,361 461,399 417,399"/>
                    <pc:TextEquiv conf="0.909217224121094">
                        <pc:Unicode>ein</pc:Unicode>
                    </pc:TextEquiv>
                </pc:Word>
                <pc:Word id="region0000_line0006_word0005">
                    <pc:Coords points="472,356 565,356 565,392 472,392"/>
                    <pc:TextEquiv conf="0.928092727661133">
                        <pc:Unicode>Oolch</pc:Unicode>
                    </pc:TextEquiv>
                </pc:Word>
                <pc:Word id="region0000_line0006_word0006">
                    <pc:Coords points="574,358 616,358 616,386 574,386"/>
                    <pc:TextEquiv conf="0.89787353515625">
                        <pc:Unicode>die</pc:Unicode>
                    </pc:TextEquiv>
                </pc:Word>
                <pc:Word id="region0000_line0006_word0007">
                    <pc:Coords points="623,355 717,355 717,385 623,385"/>
                    <pc:TextEquiv conf="0.89787353515625">
                        <pc:Unicode>Adern</pc:Unicode>
                    </pc:TextEquiv>
                </pc:Word>
                <pc:Word id="region0000_line0006_word0008">
                    <pc:Coords points="725,352 835,352 835,395 725,395"/>
                    <pc:TextEquiv conf="0.655657424926758">
                        <pc:Unicode>ſchneid</pc:Unicode>
                    </pc:TextEquiv>
                </pc:Word>
                <pc:Word id="region0000_line0006_word0009">
                    <pc:Coords points="843,355 1003,355 1003,394 843,394"/>
                    <pc:TextEquiv conf="0.504761123657227">
                        <pc:Unicode>entzwey,</pc:Unicode>
                    </pc:TextEquiv>
                </pc:Word>
                <pc:Word id="region0000_line0006_word0010">
                    <pc:Coords points="1026,348 1031,348 1031,356 1026,356"/>
                    <pc:TextEquiv conf="0.65438835144043">
                        <pc:Unicode>.</pc:Unicode>
                    </pc:TextEquiv>
                </pc:Word>
                <pc:TextEquiv conf="0.756868293068626">
                    <pc:Unicode>14 Viel beſſer: Daß ein Oolch die Adern ſchneid entzwey, .</pc:Unicode>
                </pc:TextEquiv>
            </pc:TextLine>
            <pc:TextLine id="region0000_line0007">
                <pc:Coords points="79,392 958,392 958,442 79,442"/>
                <pc:Word id="region0000_line0007_word0000">
                    <pc:Coords points="79,401 210,401 210,442 79,442"/>
                    <pc:TextEquiv conf="0.627511367797852">
                        <pc:Unicode>570.Und</pc:Unicode>
                    </pc:TextEquiv>
                </pc:Word>
                <pc:Word id="region0000_line0007_word0001">
                    <pc:Coords points="220,403 294,403 294,436 220,436"/>
                    <pc:TextEquiv conf="0.925305633544922">
                        <pc:Unicode>mein</pc:Unicode>
                    </pc:TextEquiv>
                </pc:Word>
                <pc:Word id="region0000_line0007_word0002">
                    <pc:Coords points="303,400 466,400 466,438 303,438"/>
                    <pc:TextEquiv conf="0.923720550537109">
                        <pc:Unicode>unſchuldig</pc:Unicode>
                    </pc:TextEquiv>
                </pc:Word>
                <pc:Word id="region0000_line0007_word0003">
                    <pc:Coords points="475,397 570,397 570,441 475,441"/>
                    <pc:TextEquiv conf="0.810646362304687">
                        <pc:Unicode>Blutt</pc:Unicode>
                    </pc:TextEquiv>
                </pc:Word>
                <pc:Word id="region0000_line0007_word0004">
                    <pc:Coords points="578,399 623,399 623,438 578,438"/>
                    <pc:TextEquiv conf="0.810646362304687">
                        <pc:Unicode>ein</pc:Unicode>
                    </pc:TextEquiv>
                </pc:Word>
                <pc:Word id="region0000_line0007_word0005">
                    <pc:Coords points="632,397 728,397 728,426 632,426"/>
                    <pc:TextEquiv conf="0.894879760742187">
                        <pc:Unicode>reines</pc:Unicode>
                    </pc:TextEquiv>
                </pc:Word>
                <pc:Word id="region0000_line0007_word0006">
                    <pc:Coords points="735,392 841,392 841,432 735,432"/>
                    <pc:TextEquiv conf="0.87013916015625">
                        <pc:Unicode>Opffer</pc:Unicode>
                    </pc:TextEquiv>
                </pc:Word>
                <pc:Word id="region0000_line0007_word0007">
                    <pc:Coords points="847,393 958,393 958,430 847,430"/>
                    <pc:TextEquiv conf="0.">
                        <pc:Unicode>ſeyo⸗</pc:Unicode>
                    </pc:TextEquiv>
                </pc:Word>
                <pc:TextEquiv conf="0.857856149673462">
                    <pc:Unicode>570.Und mein unſchuldig Blutt ein reines Opffer ſeyo⸗</pc:Unicode>
                </pc:TextEquiv>
            </pc:TextLine>
            <pc:TextLine id="region0000_line0008">
                <pc:Coords points="3,432 1061,432 1061,487 3,487"/>
                <pc:Word id="region0000_line0008_word0000">
                    <pc:Coords points="3,452 52,452 52,487 3,487"/>
                    <pc:TextEquiv conf="0.129518814086914">
                        <pc:Unicode>21</pc:Unicode>
                    </pc:TextEquiv>
                </pc:Word>
                <pc:Word id="region0000_line0008_word0001">
                    <pc:Coords points="143,441 218,441 218,481 143,481"/>
                    <pc:TextEquiv conf="0.855609664916992">
                        <pc:Unicode>Als:</pc:Unicode>
                    </pc:TextEquiv>
                </pc:Word>
                <pc:Word id="region0000_line0008_word0002">
                    <pc:Coords points="228,442 282,442 282,478 228,478"/>
                    <pc:TextEquiv conf="0.855609664916992">
                        <pc:Unicode>daß</pc:Unicode>
                    </pc:TextEquiv>
                </pc:Word>
                <pc:Word id="region0000_line0008_word0003">
                    <pc:Coords points="292,446 324,446 324,472 292,472"/>
                    <pc:TextEquiv conf="0.889446868896484">
                        <pc:Unicode>es</pc:Unicode>
                    </pc:TextEquiv>
                </pc:Word>
                <pc:Word id="region0000_line0008_word0004">
                    <pc:Coords points="335,441 439,441 439,481 335,481"/>
                    <pc:TextEquiv conf="0.779819946289062">
                        <pc:Unicode>aufder</pc:Unicode>
                    </pc:TextEquiv>
                </pc:Word>
                <pc:Word id="region0000_line0008_word0005">
                    <pc:Coords points="448,439 535,439 535,474 448,474"/>
                    <pc:TextEquiv conf="0.913517532348633">
                        <pc:Unicode>Rach</pc:Unicode>
                    </pc:TextEquiv>
                </pc:Word>
                <pc:Word id="region0000_line0008_word0006">
                    <pc:Coords points="546,436 740,436 740,479 546,479"/>
                    <pc:TextEquiv conf="0.904081878662109">
                        <pc:Unicode>entweyhtem</pc:Unicode>
                    </pc:TextEquiv>
                </pc:Word>
                <pc:Word id="region0000_line0008_word0007">
                    <pc:Coords points="748,432 1061,432 1061,471 748,471"/>
                    <pc:TextEquiv conf="0.69224609375">
                        <pc:Unicode>Schmach⸗Altare</pc:Unicode>
                    </pc:TextEquiv>
                </pc:Word>
                <pc:TextEquiv conf="0.752481307983398">
                    <pc:Unicode>21 Als: daß es aufder Rach entweyhtem Schmach⸗Altare</pc:Unicode>
                </pc:TextEquiv>
            </pc:TextLine>
            <pc:TextLine id="region0000_line0009">
                <pc:Coords points="143,473 1094,473 1094,520 143,520"/>
                <pc:Word id="region0000_line0009_word0000">
                    <pc:Coords points="143,482 207,482 207,515 143,515"/>
                    <pc:TextEquiv conf="0.924269104003906">
                        <pc:Unicode>Der</pc:Unicode>
                    </pc:TextEquiv>
                </pc:Word>
                <pc:Word id="region0000_line0009_word0001">
                    <pc:Coords points="215,479 610,479 610,520 215,520"/>
                    <pc:TextEquiv conf="0.868598327636719">
                        <pc:Unicode>Mord⸗Verraͤther</pc:Unicode>
                    </pc:TextEquiv>
                </pc:Word>
                <pc:Word id="region0000_line0009_word0002">
                    <pc:Coords points="598,473 510,473 510,520 598,520"/>
                    <pc:TextEquiv conf="0.930076751708984">
                        <pc:Unicode>Grimm</pc:Unicode>
                    </pc:TextEquiv>
                </pc:Word>
                <pc:Word id="region0000_line0009_word0003">
                    <pc:Coords points="620,482 665,482 665,508 620,508"/>
                    <pc:TextEquiv conf="0.891114044189453">
                        <pc:Unicode>der</pc:Unicode>
                    </pc:TextEquiv>
                </pc:Word>
                <pc:Word id="region0000_line0009_word0004">
                    <pc:Coords points="674,476 796,476 796,515 674,515"/>
                    <pc:TextEquiv conf="0.891114044189453">
                        <pc:Unicode>Hencker</pc:Unicode>
                    </pc:TextEquiv>
                </pc:Word>
                <pc:Word id="region0000_line0009_word0005">
                    <pc:Coords points="803,475 880,475 880,512 803,512"/>
                    <pc:TextEquiv conf="0.929797515869141">
                        <pc:Unicode>Pein</pc:Unicode>
                    </pc:TextEquiv>
                </pc:Word>
                <pc:Word id="region0000_line0009_word0006">
                    <pc:Coords points="898,473 1094,473 1094,513 898,513"/>
                    <pc:TextEquiv conf="0.838424453735352">
                        <pc:Unicode>erfahre.</pc:Unicode>
                    </pc:TextEquiv>
                </pc:Word>
                <pc:TextEquiv conf="0.896199177333287">
                    <pc:Unicode>Der Mord⸗Verraͤther Grimm der Hencker Pein erfahre.</pc:Unicode>
                </pc:TextEquiv>
            </pc:TextLine>
            <pc:TextEquiv conf="0.77941348746191">
                <pc:Unicode>85 8 . 103. . .
Derſelben / der man wil kein Blutt zum Opffer geben.
(65. Weil Niemand ihr Gebein aus koſtbarm Waſſer waͤſch't/
r. Und die noch glimme Glutt durch keine Thraͤn außlaͤſch't/
rt So waſch' und leſche ſie mein ſpritzendes Geblüͤtte;
Eh als der Kaͤyſer mich mit Blitz und Ach umbſchuͤtte.
14 Viel beſſer: Daß ein Oolch die Adern ſchneid entzwey, .
570.Und mein unſchuldig Blutt ein reines Opffer ſeyo⸗
21 Als: daß es aufder Rach entweyhtem Schmach⸗Altare
Der Mord⸗Verraͤther Grimm der Hencker Pein erfahre.</pc:Unicode>
            </pc:TextEquiv>
        </pc:TextRegion>
        <pc:TextRegion id="region0002" orientation="0.086781835613465" readingDirection="left-to-right" textLineOrder="top-to-bottom">
            <pc:Coords points="142,761 1025,761 1025,857 142,857"/>
            <pc:TextLine id="region0002_line0000">
                <pc:Coords points="231,761 961,761 961,817 231,817"/>
                <pc:Word id="region0002_line0000_word0000">
                    <pc:Coords points="231,803 239,803 239,807 231,807"/>
                    <pc:TextEquiv conf="0.036874389648437">
                        <pc:Unicode>.</pc:Unicode>
                    </pc:TextEquiv>
                </pc:Word>
                <pc:Word id="region0002_line0000_word0001">
                    <pc:Coords points="343,770 556,770 556,817 343,817"/>
                    <pc:TextEquiv conf="0.795299224853516">
                        <pc:Unicode>Haupt</pc:Unicode>
                    </pc:TextEquiv>
                </pc:Word>
                <pc:Word id="region0002_line0000_word0002">
                    <pc:Coords points="567,761 735,761 735,811 567,811"/>
                    <pc:TextEquiv conf="0.659098892211914">
                        <pc:Unicode>abſchlaͤg't/</pc:Unicode>
                    </pc:TextEquiv>
                </pc:Word>
                <pc:Word id="region0002_line0000_word0003">
                    <pc:Coords points="860,786 867,786 867,793 860,793"/>
                    <pc:TextEquiv conf="0.059835891723633">
                        <pc:Unicode>.</pc:Unicode>
                    </pc:TextEquiv>
                </pc:Word>
                <pc:TextEquiv conf="0.387777099609375">
                    <pc:Unicode>. Haupt abſchlaͤg't/ .</pc:Unicode>
                </pc:TextEquiv>
            </pc:TextLine>
            <pc:TextLine id="region0002_line0001">
                <pc:Coords points="142,805 1025,805 1025,857 142,857"/>
                <pc:Word id="region0002_line0001_word0000">
                    <pc:Coords points="142,812 208,812 208,852 142,852"/>
                    <pc:TextEquiv conf="0.927026977539062">
                        <pc:Unicode>Ihr</pc:Unicode>
                    </pc:TextEquiv>
                </pc:Word>
                <pc:Word id="region0002_line0001_word0001">
                    <pc:Coords points="216,812 367,812 367,851 216,851"/>
                    <pc:TextEquiv conf="0.923447952270508">
                        <pc:Unicode>Schwantz</pc:Unicode>
                    </pc:TextEquiv>
                </pc:Word>
                <pc:Word id="region0002_line0001_word0002">
                    <pc:Coords points="376,815 436,815 436,845 376,845"/>
                    <pc:TextEquiv conf="0.923447952270508">
                        <pc:Unicode>und</pc:Unicode>
                    </pc:TextEquiv>
                </pc:Word>
                <pc:Word id="region0002_line0001_word0003">
                    <pc:Coords points="445,812 545,812 545,845 445,845"/>
                    <pc:TextEquiv conf="0.885357055664063">
                        <pc:Unicode>Brutt</pc:Unicode>
                    </pc:TextEquiv>
                </pc:Word>
                <pc:Word id="region0002_line0001_word0004">
                    <pc:Coords points="556,810 604,810 604,847 556,847"/>
                    <pc:TextEquiv conf="0.81681640625">
                        <pc:Unicode>ſich</pc:Unicode>
                    </pc:TextEquiv>
                </pc:Word>
                <pc:Word id="region0002_line0001_word0005">
                    <pc:Coords points="614,808 691,808 691,857 614,857"/>
                    <pc:TextEquiv conf="0.81681640625">
                        <pc:Unicode>ſelbſt</pc:Unicode>
                    </pc:TextEquiv>
                </pc:Word>
                <pc:Word id="region0002_line0001_word0006">
                    <pc:Coords points="757,805 708,805 708,857 757,857"/>
                    <pc:TextEquiv conf="0.4614892578125">
                        <pc:Unicode>in's</pc:Unicode>
                    </pc:TextEquiv>
                </pc:Word>
                <pc:Word id="region0002_line0001_word0007">
                    <pc:Coords points="773,805 838,805 838,841 773,841"/>
                    <pc:TextEquiv conf="0.4614892578125">
                        <pc:Unicode>Grab</pc:Unicode>
                    </pc:TextEquiv>
                </pc:Word>
                <pc:Word id="region0002_line0001_word0008">
                    <pc:Coords points="855,813 887,813 887,848 855,848"/>
                    <pc:TextEquiv conf="0.929106140136719">
                        <pc:Unicode>zu</pc:Unicode>
                    </pc:TextEquiv>
                </pc:Word>
                <pc:Word id="region0002_line0001_word0009">
                    <pc:Coords points="895,805 1025,805 1025,847 895,847"/>
                    <pc:TextEquiv conf="0.893897857666016">
                        <pc:Unicode>ſcharren</pc:Unicode>
                    </pc:TextEquiv>
                </pc:Word>
                <pc:TextEquiv conf="0.803889526367188">
                    <pc:Unicode>Ihr Schwantz und Brutt ſich ſelbſt in's Grab zu ſcharren</pc:Unicode>
                </pc:TextEquiv>
            </pc:TextLine>
            <pc:TextEquiv conf="0.595833312988281">
                <pc:Unicode>. Haupt abſchlaͤg't/ .
Ihr Schwantz und Brutt ſich ſelbſt in's Grab zu ſcharren</pc:Unicode>
            </pc:TextEquiv>
        </pc:TextRegion>
        <pc:TextRegion id="region0003" orientation="0.086781835613465" readingDirection="left-to-right" textLineOrder="top-to-bottom">
            <pc:Coords points="0,722 1084,722 1084,950 0,950"/>
            <pc:TextLine id="region0003_line0000">
                <pc:Coords points="0,722 1019,722 1019,780 0,780"/>
                <pc:Word id="region0003_line0000_word0000">
                    <pc:Coords points="0,746 12,746 12,780 0,780"/>
                    <pc:TextEquiv conf="0.097334442138672">
                        <pc:Unicode>4</pc:Unicode>
                    </pc:TextEquiv>
                </pc:Word>
                <pc:Word id="region0003_line0000_word0001">
                    <pc:Coords points="31,726 225,726 225,769 31,769"/>
                    <pc:TextEquiv conf="0.">
                        <pc:Unicode>earis.</pc:Unicode>
                    </pc:TextEquiv>
                </pc:Word>
                <pc:Word id="region0003_line0000_word0002">
                    <pc:Coords points="233,730 337,730 337,769 233,769"/>
                    <pc:TextEquiv conf="0.904566497802734">
                        <pc:Unicode>Schau</pc:Unicode>
                    </pc:TextEquiv>
                </pc:Word>
                <pc:Word id="region0003_line0000_word0003">
                    <pc:Coords points="349,737 363,737 363,770 349,770"/>
                    <pc:TextEquiv conf="0.873703308105469">
                        <pc:Unicode>/</pc:Unicode>
                    </pc:TextEquiv>
                </pc:Word>
                <pc:Word id="region0003_line0000_word0004">
                    <pc:Coords points="373,732 538,732 538,764 373,764"/>
                    <pc:TextEquiv conf="0.858244476318359">
                        <pc:Unicode>wie</pc:Unicode>
                    </pc:TextEquiv>
                </pc:Word>
                <pc:Word id="region0003_line0000_word0005">
                    <pc:Coords points="442,774 457,774 457,722 442,722"/>
                    <pc:TextEquiv conf="0.815940322875977">
                        <pc:Unicode>/</pc:Unicode>
                    </pc:TextEquiv>
                </pc:Word>
                <pc:Word id="region0003_line0000_word0006">
                    <pc:Coords points="470,732 538,732 538,770 470,770"/>
                    <pc:TextEquiv conf="0.815940322875977">
                        <pc:Unicode>wenn</pc:Unicode>
                    </pc:TextEquiv>
                </pc:Word>
                <pc:Word id="region0003_line0000_word0007">
                    <pc:Coords points="559,736 615,736 615,759 559,759"/>
                    <pc:TextEquiv conf="0.846611938476562">
                        <pc:Unicode>man</pc:Unicode>
                    </pc:TextEquiv>
                </pc:Word>
                <pc:Word id="region0003_line0000_word0008">
                    <pc:Coords points="629,730 675,730 675,756 629,756"/>
                    <pc:TextEquiv conf="0.846611938476562">
                        <pc:Unicode>der</pc:Unicode>
                    </pc:TextEquiv>
                </pc:Word>
                <pc:Word id="region0003_line0000_word0009">
                    <pc:Coords points="694,723 836,723 836,764 694,764"/>
                    <pc:TextEquiv conf="0.930673446655273">
                        <pc:Unicode>Schlang</pc:Unicode>
                    </pc:TextEquiv>
                </pc:Word>
                <pc:Word id="region0003_line0000_word0010">
                    <pc:Coords points="852,722 899,722 899,762 852,762"/>
                    <pc:TextEquiv conf="0.930810089111328">
                        <pc:Unicode>ihr</pc:Unicode>
                    </pc:TextEquiv>
                </pc:Word>
                <pc:Word id="region0003_line0000_word0011">
                    <pc:Coords points="909,722 1019,722 1019,763 909,763"/>
                    <pc:TextEquiv conf="0.891219177246094">
                        <pc:Unicode>giftigs</pc:Unicode>
                    </pc:TextEquiv>
                </pc:Word>
                <pc:TextEquiv conf="0.817637996673584">
                    <pc:Unicode>4 earis. Schau / wie / wenn man der Schlang ihr giftigs</pc:Unicode>
                </pc:TextEquiv>
            </pc:TextLine>
            <pc:TextLine id="region0003_line0001">
                <pc:Coords points="0,887 1084,887 1084,950 0,950"/>
                <pc:Word id="region0003_line0001_word0000">
                    <pc:Coords points="0,913 17,913 17,950 0,950"/>
                    <pc:TextEquiv conf="0.">
                        <pc:Unicode>e</pc:Unicode>
                    </pc:TextEquiv>
                </pc:Word>
                <pc:Word id="region0003_line0001_word0001">
                    <pc:Coords points="146,896 249,896 249,929 146,929"/>
                    <pc:TextEquiv conf="0.706179885864258">
                        <pc:Unicode>Aneſt.</pc:Unicode>
                    </pc:TextEquiv>
                </pc:Word>
                <pc:Word id="region0003_line0001_word0002">
                    <pc:Coords points="272,895 320,895 320,935 272,935"/>
                    <pc:TextEquiv conf="0.434838027954102">
                        <pc:Unicode>Ihr</pc:Unicode>
                    </pc:TextEquiv>
                </pc:Word>
                <pc:Word id="region0003_line0001_word0003">
                    <pc:Coords points="322,890 725,890 725,939 322,939"/>
                    <pc:TextEquiv conf="0.434838027954102">
                        <pc:Unicode>Schlangen</pc:Unicode>
                    </pc:TextEquiv>
                </pc:Word>
                <pc:Word id="region0003_line0001_word0004">
                    <pc:Coords points="497,943 507,943 507,887 497,887"/>
                    <pc:TextEquiv conf="0.785827026367187">
                        <pc:Unicode>/</pc:Unicode>
                    </pc:TextEquiv>
                </pc:Word>
                <pc:Word id="region0003_line0001_word0005">
                    <pc:Coords points="522,943 577,943 577,887 522,887"/>
                    <pc:TextEquiv conf="0.822150421142578">
                        <pc:Unicode>gebt</pc:Unicode>
                    </pc:TextEquiv>
                </pc:Word>
                <pc:Word id="region0003_line0001_word0006">
                    <pc:Coords points="592,943 637,943 637,887 592,887"/>
                    <pc:TextEquiv conf="0.815165863037109">
                        <pc:Unicode>den</pc:Unicode>
                    </pc:TextEquiv>
                </pc:Word>
                <pc:Word id="region0003_line0001_word0007">
                    <pc:Coords points="652,943 732,943 732,887 652,887"/>
                    <pc:TextEquiv conf="0.815165863037109">
                        <pc:Unicode>Stich</pc:Unicode>
                    </pc:TextEquiv>
                </pc:Word>
                <pc:Word id="region0003_line0001_word0008">
                    <pc:Coords points="733,891 790,891 790,925 733,925"/>
                    <pc:TextEquiv conf="0.910500411987305">
                        <pc:Unicode>mir</pc:Unicode>
                    </pc:TextEquiv>
                </pc:Word>
                <pc:Word id="region0003_line0001_word0009">
                    <pc:Coords points="799,891 855,891 855,922 799,922"/>
                    <pc:TextEquiv conf="0.922096710205078">
                        <pc:Unicode>und</pc:Unicode>
                    </pc:TextEquiv>
                </pc:Word>
                <pc:Word id="region0003_line0001_word0010">
                    <pc:Coords points="872,891 911,891 911,920 872,920"/>
                    <pc:TextEquiv conf="0.892602462768555">
                        <pc:Unicode>der</pc:Unicode>
                    </pc:TextEquiv>
                </pc:Word>
                <pc:Word id="region0003_line0001_word0011">
                    <pc:Coords points="937,893 1084,893 1084,937 937,937"/>
                    <pc:TextEquiv conf="0.113859710693359">
                        <pc:Unicode>Agrip⸗</pc:Unicode>
                    </pc:TextEquiv>
                </pc:Word>
                <pc:TextEquiv conf="0.721102034250895">
                    <pc:Unicode>e Aneſt. Ihr Schlangen / gebt den Stich mir und der Agrip⸗</pc:Unicode>
                </pc:TextEquiv>
            </pc:TextLine>
            <pc:TextEquiv conf="0.769370015462239">
                <pc:Unicode>4 earis. Schau / wie / wenn man der Schlang ihr giftigs
e Aneſt. Ihr Schlangen / gebt den Stich mir und der Agrip⸗</pc:Unicode>
            </pc:TextEquiv>
        </pc:TextRegion>
        <pc:TextRegion id="region0004" orientation="0.086781835613465" readingDirection="left-to-right" textLineOrder="top-to-bottom">
            <pc:Coords points="494,927 956,927 956,979 494,979"/>
            <pc:TextLine id="region0004_line0000">
                <pc:Coords points="494,927 956,927 956,979 494,979"/>
                <pc:Word id="region0004_line0000_word0000">
                    <pc:Coords points="494,927 569,927 569,979 494,979"/>
                    <pc:TextEquiv conf="0.923762512207031">
                        <pc:Unicode>pine.</pc:Unicode>
                    </pc:TextEquiv>
                </pc:Word>
                <pc:Word id="region0004_line0000_word0001">
                    <pc:Coords points="951,954 956,954 956,955 951,955"/>
                    <pc:TextEquiv conf="0.357185363769531">
                        <pc:Unicode>.</pc:Unicode>
                    </pc:TextEquiv>
                </pc:Word>
                <pc:TextEquiv conf="0.640473937988281">
                    <pc:Unicode>pine. .</pc:Unicode>
                </pc:TextEquiv>
            </pc:TextLine>
            <pc:TextEquiv conf="0.640473937988281">
                <pc:Unicode>pine. .</pc:Unicode>
            </pc:TextEquiv>
        </pc:TextRegion>
        <pc:TextRegion id="region0005" orientation="0.086781835613465" readingDirection="left-to-right" textLineOrder="top-to-bottom">
            <pc:Coords points="82,954 1059,954 1059,1029 82,1029"/>
            <pc:TextLine id="region0005_line0000">
                <pc:Coords points="82,954 1059,954 1059,1029 82,1029"/>
                <pc:Word id="region0005_line0000_word0000">
                    <pc:Coords points="82,971 227,971 227,1029 82,1029"/>
                    <pc:TextEquiv conf="0.036846237182617">
                        <pc:Unicode>530.Anic.</pc:Unicode>
                    </pc:TextEquiv>
                </pc:Word>
                <pc:Word id="region0005_line0000_word0001">
                    <pc:Coords points="239,964 338,964 338,1020 239,1020"/>
                    <pc:TextEquiv conf="0.916194534301758">
                        <pc:Unicode>Schau</pc:Unicode>
                    </pc:TextEquiv>
                </pc:Word>
                <pc:Word id="region0005_line0000_word0002">
                    <pc:Coords points="351,979 403,979 403,1012 351,1012"/>
                    <pc:TextEquiv conf="0.726550369262695">
                        <pc:Unicode>wie</pc:Unicode>
                    </pc:TextEquiv>
                </pc:Word>
                <pc:Word id="region0005_line0000_word0003">
                    <pc:Coords points="417,979 459,979 459,1008 417,1008"/>
                    <pc:TextEquiv conf="0.869788818359375">
                        <pc:Unicode>die</pc:Unicode>
                    </pc:TextEquiv>
                </pc:Word>
                <pc:Word id="region0005_line0000_word0004">
                    <pc:Coords points="466,976 581,976 581,1010 466,1010"/>
                    <pc:TextEquiv conf="0.913899230957031">
                        <pc:Unicode>Natter</pc:Unicode>
                    </pc:TextEquiv>
                </pc:Word>
                <pc:Word id="region0005_line0000_word0005">
                    <pc:Coords points="590,975 656,975 656,1011 590,1011"/>
                    <pc:TextEquiv conf="0.916654434204102">
                        <pc:Unicode>noch</pc:Unicode>
                    </pc:TextEquiv>
                </pc:Word>
                <pc:Word id="region0005_line0000_word0006">
                    <pc:Coords points="666,982 699,982 699,1014 666,1014"/>
                    <pc:TextEquiv conf="0.925727005004883">
                        <pc:Unicode>zu</pc:Unicode>
                    </pc:TextEquiv>
                </pc:Word>
                <pc:Word id="region0005_line0000_word0007">
                    <pc:Coords points="710,971 829,971 829,1013 710,1013"/>
                    <pc:TextEquiv conf="0.879402618408203">
                        <pc:Unicode>zuͤngeln</pc:Unicode>
                    </pc:TextEquiv>
                </pc:Word>
                <pc:Word id="region0005_line0000_word0008">
                    <pc:Coords points="840,970 890,970 890,1011 840,1011"/>
                    <pc:TextEquiv conf="0.922976913452148">
                        <pc:Unicode>ſich</pc:Unicode>
                    </pc:TextEquiv>
                </pc:Word>
                <pc:Word id="region0005_line0000_word0009">
                    <pc:Coords points="899,954 1059,954 1059,1006 899,1006"/>
                    <pc:TextEquiv conf="0.251604537963867">
                        <pc:Unicode>erkühnel</pc:Unicode>
                    </pc:TextEquiv>
                </pc:Word>
                <pc:TextEquiv conf="0.735964469909668">
                    <pc:Unicode>530.Anic. Schau wie die Natter noch zu zuͤngeln ſich erkühnel</pc:Unicode>
                </pc:TextEquiv>
            </pc:TextLine>
            <pc:TextEquiv conf="0.735964469909668">
                <pc:Unicode>530.Anic. Schau wie die Natter noch zu zuͤngeln ſich erkühnel</pc:Unicode>
            </pc:TextEquiv>
        </pc:TextRegion>
        <pc:TextRegion id="region0007" orientation="0.086781835613465" type="caption" readingDirection="left-to-right" textLineOrder="top-to-bottom">
            <pc:Coords points="0,1464 1096,1464 1096,1774 0,1774"/>
            <pc:TextLine id="region0007_line0000">
                <pc:Coords points="91,1464 1036,1464 1036,1512 91,1512"/>
                <pc:Word id="region0007_line0000_word0000">
                    <pc:Coords points="91,1476 145,1476 145,1510 91,1510"/>
                    <pc:TextEquiv conf="0.290818328857422">
                        <pc:Unicode>589.</pc:Unicode>
                    </pc:TextEquiv>
                </pc:Word>
                <pc:Word id="region0007_line0000_word0001">
                    <pc:Coords points="155,1476 242,1476 242,1505 155,1505"/>
                    <pc:TextEquiv conf="0.868850402832031">
                        <pc:Unicode>Nero.</pc:Unicode>
                    </pc:TextEquiv>
                </pc:Word>
                <pc:Word id="region0007_line0000_word0002">
                    <pc:Coords points="252,1474 325,1474 325,1512 252,1512"/>
                    <pc:TextEquiv conf="0.927937164306641">
                        <pc:Unicode>Hier</pc:Unicode>
                    </pc:TextEquiv>
                </pc:Word>
                <pc:Word id="region0007_line0000_word0003">
                    <pc:Coords points="332,1474 366,1474 366,1512 332,1512"/>
                    <pc:TextEquiv conf="0.888144073486328">
                        <pc:Unicode>iſt</pc:Unicode>
                    </pc:TextEquiv>
                </pc:Word>
                <pc:Word id="region0007_line0000_word0004">
                    <pc:Coords points="376,1477 423,1477 423,1506 376,1506"/>
                    <pc:TextEquiv conf="0.888144073486328">
                        <pc:Unicode>der</pc:Unicode>
                    </pc:TextEquiv>
                </pc:Word>
                <pc:Word id="region0007_line0000_word0005">
                    <pc:Coords points="430,1471 576,1471 576,1510 430,1510"/>
                    <pc:TextEquiv conf="0.884713745117187">
                        <pc:Unicode>Orth</pc:Unicode>
                    </pc:TextEquiv>
                </pc:Word>
                <pc:Word id="region0007_line0000_word0006">
                    <pc:Coords points="531,1464 516,1464 516,1512 531,1512"/>
                    <pc:TextEquiv conf="0.884713745117187">
                        <pc:Unicode>/</pc:Unicode>
                    </pc:TextEquiv>
                </pc:Word>
                <pc:Word id="region0007_line0000_word0007">
                    <pc:Coords points="586,1464 539,1464 539,1512 586,1512"/>
                    <pc:TextEquiv conf="0.918266296386719">
                        <pc:Unicode>den</pc:Unicode>
                    </pc:TextEquiv>
                </pc:Word>
                <pc:Word id="region0007_line0000_word0008">
                    <pc:Coords points="589,1476 625,1476 625,1504 589,1504"/>
                    <pc:TextEquiv conf="0.930910568237305">
                        <pc:Unicode>du</pc:Unicode>
                    </pc:TextEquiv>
                </pc:Word>
                <pc:Word id="region0007_line0000_word0009">
                    <pc:Coords points="636,1480 697,1480 697,1512 636,1512"/>
                    <pc:TextEquiv conf="0.93055061340332">
                        <pc:Unicode>zum</pc:Unicode>
                    </pc:TextEquiv>
                </pc:Word>
                <pc:Word id="region0007_line0000_word0010">
                    <pc:Coords points="706,1468 808,1468 808,1509 706,1509"/>
                    <pc:TextEquiv conf="0.928955307006836">
                        <pc:Unicode>Opffer</pc:Unicode>
                    </pc:TextEquiv>
                </pc:Word>
                <pc:Word id="region0007_line0000_word0011">
                    <pc:Coords points="818,1471 861,1471 861,1499 818,1499"/>
                    <pc:TextEquiv conf="0.92443603515625">
                        <pc:Unicode>dir</pc:Unicode>
                    </pc:TextEquiv>
                </pc:Word>
                <pc:Word id="region0007_line0000_word0012">
                    <pc:Coords points="871,1464 1036,1464 1036,1504 871,1504"/>
                    <pc:TextEquiv conf="0.535276222229004">
                        <pc:Unicode>beſtimm't.</pc:Unicode>
                    </pc:TextEquiv>
                </pc:Word>
                <pc:TextEquiv conf="0.830901275047889">
                    <pc:Unicode>589. Nero. Hier iſt der Orth / den du zum Opffer dir beſtimm't.</pc:Unicode>
                </pc:TextEquiv>
            </pc:TextLine>
            <pc:TextLine id="region0007_line0001">
                <pc:Coords points="158,1507 1035,1507 1035,1553 158,1553"/>
                <pc:Word id="region0007_line0001_word0000">
                    <pc:Coords points="158,1516 287,1516 287,1547 158,1547"/>
                    <pc:TextEquiv conf="0.890379867553711">
                        <pc:Unicode>Zoroaſt.</pc:Unicode>
                    </pc:TextEquiv>
                </pc:Word>
                <pc:Word id="region0007_line0001_word0001">
                    <pc:Coords points="297,1515 381,1515 381,1553 297,1553"/>
                    <pc:TextEquiv conf="0.830719985961914">
                        <pc:Unicode>Sehr</pc:Unicode>
                    </pc:TextEquiv>
                </pc:Word>
                <pc:Word id="region0007_line0001_word0002">
                    <pc:Coords points="389,1515 465,1515 465,1548 389,1548"/>
                    <pc:TextEquiv conf="0.830719985961914">
                        <pc:Unicode>wol:</pc:Unicode>
                    </pc:TextEquiv>
                </pc:Word>
                <pc:Word id="region0007_line0001_word0003">
                    <pc:Coords points="526,1507 492,1507 492,1553 526,1553"/>
                    <pc:TextEquiv conf="0.931573867797852">
                        <pc:Unicode>daß</pc:Unicode>
                    </pc:TextEquiv>
                </pc:Word>
                <pc:Word id="region0007_line0001_word0004">
                    <pc:Coords points="618,1507 554,1507 554,1553 618,1553"/>
                    <pc:TextEquiv conf="0.917162170410156">
                        <pc:Unicode>noch</pc:Unicode>
                    </pc:TextEquiv>
                </pc:Word>
                <pc:Word id="region0007_line0001_word0005">
                    <pc:Coords points="635,1516 676,1516 676,1545 635,1545"/>
                    <pc:TextEquiv conf="0.931213760375977">
                        <pc:Unicode>die</pc:Unicode>
                    </pc:TextEquiv>
                </pc:Word>
                <pc:Word id="region0007_line0001_word0006">
                    <pc:Coords points="698,1512 763,1512 763,1552 698,1552"/>
                    <pc:TextEquiv conf="0.92196174621582">
                        <pc:Unicode>Aſch</pc:Unicode>
                    </pc:TextEquiv>
                </pc:Word>
                <pc:Word id="region0007_line0001_word0007">
                    <pc:Coords points="776,1509 888,1509 888,1550 776,1550"/>
                    <pc:TextEquiv conf="0.531246643066406">
                        <pc:Unicode>und</pc:Unicode>
                    </pc:TextEquiv>
                </pc:Word>
                <pc:Word id="region0007_line0001_word0008">
                    <pc:Coords points="897,1507 847,1507 847,1553 897,1553"/>
                    <pc:TextEquiv conf="0.531246643066406">
                        <pc:Unicode>ihr</pc:Unicode>
                    </pc:TextEquiv>
                </pc:Word>
                <pc:Word id="region0007_line0001_word0009">
                    <pc:Coords points="906,1507 1035,1507 1035,1542 906,1542"/>
                    <pc:TextEquiv conf="0.921912307739258">
                        <pc:Unicode>Gebeine</pc:Unicode>
                    </pc:TextEquiv>
                </pc:Word>
                <pc:TextEquiv conf="0.823813697814942">
                    <pc:Unicode>Zoroaſt. Sehr wol: daß noch die Aſch und ihr Gebeine</pc:Unicode>
                </pc:TextEquiv>
            </pc:TextLine>
            <pc:TextLine id="region0007_line0002">
                <pc:Coords points="41,1552 683,1552 683,1612 41,1612"/>
                <pc:Word id="region0007_line0002_word0000">
                    <pc:Coords points="41,1561 43,1561 43,1612 41,1612"/>
                    <pc:TextEquiv conf="0.">
                        <pc:Unicode>6</pc:Unicode>
                    </pc:TextEquiv>
                </pc:Word>
                <pc:Word id="region0007_line0002_word0001">
                    <pc:Coords points="506,1552 683,1552 683,1596 506,1596"/>
                    <pc:TextEquiv conf="0.618235054016113">
                        <pc:Unicode>glimmt.</pc:Unicode>
                    </pc:TextEquiv>
                </pc:Word>
                <pc:TextEquiv conf="0.809117527008057">
                    <pc:Unicode>6 glimmt.</pc:Unicode>
                </pc:TextEquiv>
            </pc:TextLine>
            <pc:TextLine id="region0007_line0003">
                <pc:Coords points="162,1592 1096,1592 1096,1636 162,1636"/>
                <pc:Word id="region0007_line0003_word0000">
                    <pc:Coords points="162,1598 245,1598 245,1631 162,1631"/>
                    <pc:TextEquiv conf="0.921212310791016">
                        <pc:Unicode>Was</pc:Unicode>
                    </pc:TextEquiv>
                </pc:Word>
                <pc:Word id="region0007_line0003_word0001">
                    <pc:Coords points="256,1598 323,1598 323,1630 256,1630"/>
                    <pc:TextEquiv conf="0.929679870605469">
                        <pc:Unicode>aber</pc:Unicode>
                    </pc:TextEquiv>
                </pc:Word>
                <pc:Word id="region0007_line0003_word0002">
                    <pc:Coords points="436,1592 322,1592 322,1636 436,1636"/>
                    <pc:TextEquiv conf="0.903939056396484">
                        <pc:Unicode>raͤchelt</pc:Unicode>
                    </pc:TextEquiv>
                </pc:Word>
                <pc:Word id="region0007_line0003_word0003">
                    <pc:Coords points="448,1597 501,1597 501,1633 448,1633"/>
                    <pc:TextEquiv conf="0.892989807128906">
                        <pc:Unicode>hier</pc:Unicode>
                    </pc:TextEquiv>
                </pc:Word>
                <pc:Word id="region0007_line0003_word0004">
                    <pc:Coords points="511,1595 562,1595 562,1636 511,1636"/>
                    <pc:TextEquiv conf="0.811301879882813">
                        <pc:Unicode>fuͤr</pc:Unicode>
                    </pc:TextEquiv>
                </pc:Word>
                <pc:Word id="region0007_line0003_word0005">
                    <pc:Coords points="631,1592 578,1592 578,1636 631,1636"/>
                    <pc:TextEquiv conf="0.913091812133789">
                        <pc:Unicode>eine</pc:Unicode>
                    </pc:TextEquiv>
                </pc:Word>
                <pc:Word id="region0007_line0003_word0006">
                    <pc:Coords points="647,1595 761,1595 761,1635 647,1635"/>
                    <pc:TextEquiv conf="0.854093627929687">
                        <pc:Unicode>blutt'ge</pc:Unicode>
                    </pc:TextEquiv>
                </pc:Word>
                <pc:Word id="region0007_line0003_word0007">
                    <pc:Coords points="770,1592 876,1592 876,1630 770,1630"/>
                    <pc:TextEquiv conf="0.854093627929687">
                        <pc:Unicode>Leiche?</pc:Unicode>
                    </pc:TextEquiv>
                </pc:Word>
                <pc:Word id="region0007_line0003_word0008">
                    <pc:Coords points="1089,1628 1096,1628 1096,1630 1089,1630"/>
                    <pc:TextEquiv conf="0.">
                        <pc:Unicode>.</pc:Unicode>
                    </pc:TextEquiv>
                </pc:Word>
                <pc:TextEquiv conf="0.897822443644206">
                    <pc:Unicode>Was aber raͤchelt hier fuͤr eine blutt'ge Leiche? .</pc:Unicode>
                </pc:TextEquiv>
            </pc:TextLine>
            <pc:TextLine id="region0007_line0004">
                <pc:Coords points="158,1630 1047,1630 1047,1682 158,1682"/>
                <pc:Word id="region0007_line0004_word0000">
                    <pc:Coords points="158,1643 244,1643 244,1677 158,1677"/>
                    <pc:TextEquiv conf="0.421227493286133">
                        <pc:Unicode>Anic.</pc:Unicode>
                    </pc:TextEquiv>
                </pc:Word>
                <pc:Word id="region0007_line0004_word0001">
                    <pc:Coords points="255,1640 314,1640 314,1679 255,1679"/>
                    <pc:TextEquiv conf="0.906559295654297">
                        <pc:Unicode>Ein</pc:Unicode>
                    </pc:TextEquiv>
                </pc:Word>
                <pc:Word id="region0007_line0004_word0002">
                    <pc:Coords points="330,1639 384,1639 384,1682 330,1682"/>
                    <pc:TextEquiv conf="0.932605972290039">
                        <pc:Unicode>ſich</pc:Unicode>
                    </pc:TextEquiv>
                </pc:Word>
                <pc:Word id="region0007_line0004_word0003">
                    <pc:Coords points="401,1636 631,1636 631,1682 401,1682"/>
                    <pc:TextEquiv conf="0.896697540283203">
                        <pc:Unicode>ſelbſt⸗leſchend</pc:Unicode>
                    </pc:TextEquiv>
                </pc:Word>
                <pc:Word id="region0007_line0004_word0004">
                    <pc:Coords points="647,1637 754,1637 754,1676 647,1676"/>
                    <pc:TextEquiv conf="0.927132034301758">
                        <pc:Unicode>Brand</pc:Unicode>
                    </pc:TextEquiv>
                </pc:Word>
                <pc:Word id="region0007_line0004_word0005">
                    <pc:Coords points="770,1634 830,1634 830,1672 770,1672"/>
                    <pc:TextEquiv conf="0.930121002197266">
                        <pc:Unicode>von</pc:Unicode>
                    </pc:TextEquiv>
                </pc:Word>
                <pc:Word id="region0007_line0004_word0006">
                    <pc:Coords points="845,1630 1047,1630 1047,1674 845,1674"/>
                    <pc:TextEquiv conf="0.929775390625">
                        <pc:Unicode>Agrippinens</pc:Unicode>
                    </pc:TextEquiv>
                </pc:Word>
                <pc:TextEquiv conf="0.849159818376814">
                    <pc:Unicode>Anic. Ein ſich ſelbſt⸗leſchend Brand von Agrippinens</pc:Unicode>
                </pc:TextEquiv>
            </pc:TextLine>
            <pc:TextLine id="region0007_line0005">
                <pc:Coords points="0,1722 639,1722 639,1774 0,1774"/>
                <pc:Word id="region0007_line0005_word0000">
                    <pc:Coords points="0,1731 49,1731 49,1774 0,1774"/>
                    <pc:TextEquiv conf="0.273299331665039">
                        <pc:Unicode>71</pc:Unicode>
                    </pc:TextEquiv>
                </pc:Word>
                <pc:Word id="region0007_line0005_word0001">
                    <pc:Coords points="165,1733 239,1733 239,1772 165,1772"/>
                    <pc:TextEquiv conf="0.">
                        <pc:Unicode>—</pc:Unicode>
                    </pc:TextEquiv>
                </pc:Word>
                <pc:TextEquiv conf="0.63664966583252">
                    <pc:Unicode>71 —</pc:Unicode>
                </pc:TextEquiv>
            </pc:TextLine>
            <pc:TextEquiv conf="0.807910737954071">
                <pc:Unicode>589. Nero. Hier iſt der Orth / den du zum Opffer dir beſtimm't.
Zoroaſt. Sehr wol: daß noch die Aſch und ihr Gebeine
6 glimmt.
Was aber raͤchelt hier fuͤr eine blutt'ge Leiche? .
Anic. Ein ſich ſelbſt⸗leſchend Brand von Agrippinens
71 —</pc:Unicode>
            </pc:TextEquiv>
        </pc:TextRegion>
        <pc:TextRegion id="region0008" orientation="0.086781835613465" readingDirection="left-to-right" textLineOrder="top-to-bottom">
            <pc:Coords points="907,1709 1036,1709 1036,1743 907,1743"/>
            <pc:TextLine id="region0008_line0000">
                <pc:Coords points="907,1709 1036,1709 1036,1743 907,1743"/>
                <pc:Word id="region0008_line0000_word0000">
                    <pc:Coords points="907,1709 1036,1709 1036,1743 907,1743"/>
                    <pc:TextEquiv conf="0.835757369995117">
                        <pc:Unicode>Zoroaſt-</pc:Unicode>
                    </pc:TextEquiv>
                </pc:Word>
                <pc:TextEquiv conf="0.835757369995117">
                    <pc:Unicode>Zoroaſt-</pc:Unicode>
                </pc:TextEquiv>
            </pc:TextLine>
            <pc:TextEquiv conf="0.835757369995117">
                <pc:Unicode>Zoroaſt-</pc:Unicode>
            </pc:TextEquiv>
        </pc:TextRegion>
        <pc:ImageRegion id="region0009" orientation="0.086781835613465">
            <pc:Coords points="0,1815 1214,1815 1214,1916 0,1916"/>
        </pc:ImageRegion>
        <pc:TableRegion id="region0001" orientation="0.086781835613465">
            <pc:Coords points="0,503 1080,503 1080,728 0,728"/>
            <pc:TextRegion id="region0001_cell0000" orientation="0.086781835613465" readingDirection="left-to-right" textLineOrder="top-to-bottom">
                <pc:Coords points="0,503 1080,503 1080,728 0,728"/>
                <pc:TextLine id="region0001_cell0000_line0000">
                    <pc:Coords points="1,503 1069,503 1069,564 1,564"/>
                    <pc:Word id="region0001_cell0000_line0000_word0000">
                        <pc:Coords points="1,503 31,503 31,529 1,529"/>
                        <pc:TextEquiv conf="0.">
                            <pc:Unicode>4</pc:Unicode>
                        </pc:TextEquiv>
                    </pc:Word>
                    <pc:Word id="region0001_cell0000_line0000_word0001">
                        <pc:Coords points="141,523 214,523 214,555 141,555"/>
                        <pc:TextEquiv conf="0.354140930175781">
                            <pc:Unicode>Wie?</pc:Unicode>
                        </pc:TextEquiv>
                    </pc:Word>
                    <pc:Word id="region0001_cell0000_line0000_word0002">
                        <pc:Coords points="243,520 658,520 658,564 243,564"/>
                        <pc:TextEquiv conf="0.753535995483398">
                            <pc:Unicode>Mneſter</pc:Unicode>
                        </pc:TextEquiv>
                    </pc:Word>
                    <pc:Word id="region0001_cell0000_line0000_word0003">
                        <pc:Coords points="389,514 375,514 375,564 389,564"/>
                        <pc:TextEquiv conf="0.923537063598633">
                            <pc:Unicode>/</pc:Unicode>
                        </pc:TextEquiv>
                    </pc:Word>
                    <pc:Word id="region0001_cell0000_line0000_word0004">
                        <pc:Coords points="529,514 398,514 398,564 529,564"/>
                        <pc:TextEquiv conf="0.261520156860352">
                            <pc:Unicode>zitterſtu?</pc:Unicode>
                        </pc:TextEquiv>
                    </pc:Word>
                    <pc:Word id="region0001_cell0000_line0000_word0005">
                        <pc:Coords points="668,514 546,514 546,564 668,564"/>
                        <pc:TextEquiv conf="0.804532623291016">
                            <pc:Unicode>ſchreck't</pc:Unicode>
                        </pc:TextEquiv>
                    </pc:Word>
                    <pc:Word id="region0001_cell0000_line0000_word0006">
                        <pc:Coords points="667,518 727,518 727,551 667,551"/>
                        <pc:TextEquiv conf="0.921073455810547">
                            <pc:Unicode>Tod</pc:Unicode>
                        </pc:TextEquiv>
                    </pc:Word>
                    <pc:Word id="region0001_cell0000_line0000_word0007">
                        <pc:Coords points="737,520 791,520 791,549 737,549"/>
                        <pc:TextEquiv conf="0.931700973510742">
                            <pc:Unicode>und</pc:Unicode>
                        </pc:TextEquiv>
                    </pc:Word>
                    <pc:Word id="region0001_cell0000_line0000_word0008">
                        <pc:Coords points="808,507 932,507 932,560 808,560"/>
                        <pc:TextEquiv conf="0.928523178100586">
                            <pc:Unicode>Sterben</pc:Unicode>
                        </pc:TextEquiv>
                    </pc:Word>
                    <pc:Word id="region0001_cell0000_line0000_word0009">
                        <pc:Coords points="949,517 1069,517 1069,519 949,519"/>
                        <pc:TextEquiv conf="0.526640396118164">
                            <pc:Unicode>dich.“</pc:Unicode>
                        </pc:TextEquiv>
                    </pc:Word>
                    <pc:TextEquiv conf="0.740520477294922">
                        <pc:Unicode>4 Wie? Mneſter / zitterſtu? ſchreck't Tod und Sterben dich.“</pc:Unicode>
                    </pc:TextEquiv>
                </pc:TextLine>
                <pc:TextLine id="region0001_cell0000_line0001">
                    <pc:Coords points="147,555 1080,555 1080,605 147,605"/>
                    <pc:Word id="region0001_cell0000_line0001_word0000">
                        <pc:Coords points="147,565 228,565 228,597 147,597"/>
                        <pc:TextEquiv conf="0.921092300415039">
                            <pc:Unicode>Was</pc:Unicode>
                        </pc:TextEquiv>
                    </pc:Word>
                    <pc:Word id="region0001_cell0000_line0001_word0001">
                        <pc:Coords points="237,566 346,566 346,605 237,605"/>
                        <pc:TextEquiv conf="0.46989128112793">
                            <pc:Unicode>ſtariſtu</pc:Unicode>
                        </pc:TextEquiv>
                    </pc:Word>
                    <pc:Word id="region0001_cell0000_line0001_word0002">
                        <pc:Coords points="356,566 480,566 480,601 356,601"/>
                        <pc:TextEquiv conf="0.587272453308106">
                            <pc:Unicode>hemmt</pc:Unicode>
                        </pc:TextEquiv>
                    </pc:Word>
                    <pc:Word id="region0001_cell0000_line0001_word0003">
                        <pc:Coords points="487,566 548,566 548,594 487,594"/>
                        <pc:TextEquiv conf="0.91687629699707">
                            <pc:Unicode>dein</pc:Unicode>
                        </pc:TextEquiv>
                    </pc:Word>
                    <pc:Word id="region0001_cell0000_line0001_word0004">
                        <pc:Coords points="563,562 611,562 611,595 563,595"/>
                        <pc:TextEquiv conf="0.923691329956055">
                            <pc:Unicode>Arm</pc:Unicode>
                        </pc:TextEquiv>
                    </pc:Word>
                    <pc:Word id="region0001_cell0000_line0001_word0005">
                        <pc:Coords points="630,561 696,561 696,597 630,597"/>
                        <pc:TextEquiv conf="0.925792083740234">
                            <pc:Unicode>noch</pc:Unicode>
                        </pc:TextEquiv>
                    </pc:Word>
                    <pc:Word id="region0001_cell0000_line0001_word0006">
                        <pc:Coords points="704,562 753,562 753,590 704,590"/>
                        <pc:TextEquiv conf="0.89922981262207">
                            <pc:Unicode>den</pc:Unicode>
                        </pc:TextEquiv>
                    </pc:Word>
                    <pc:Word id="region0001_cell0000_line0001_word0007">
                        <pc:Coords points="763,599 923,599 923,555 763,555"/>
                        <pc:TextEquiv conf="0.6929150390625">
                            <pc:Unicode>behertzten</pc:Unicode>
                        </pc:TextEquiv>
                    </pc:Word>
                    <pc:Word id="region0001_cell0000_line0001_word0008">
                        <pc:Coords points="935,559 1080,559 1080,566 935,566"/>
                        <pc:TextEquiv conf="0.6929150390625">
                            <pc:Unicode>Stich?</pc:Unicode>
                        </pc:TextEquiv>
                    </pc:Word>
                    <pc:TextEquiv conf="0.781075070699056">
                        <pc:Unicode>Was ſtariſtu hemmt dein Arm noch den behertzten Stich?</pc:Unicode>
                    </pc:TextEquiv>
                </pc:TextLine>
                <pc:TextLine id="region0001_cell0000_line0002">
                    <pc:Coords points="82,598 1018,598 1018,678 82,678"/>
                    <pc:Word id="region0001_cell0000_line0002_word0000">
                        <pc:Coords points="82,606 229,606 229,648 82,648"/>
                        <pc:TextEquiv conf="0.">
                            <pc:Unicode>Sess</pc:Unicode>
                        </pc:TextEquiv>
                    </pc:Word>
                    <pc:Word id="region0001_cell0000_line0002_word0001">
                        <pc:Coords points="262,604 536,604 536,678 262,678"/>
                        <pc:TextEquiv conf="0.">
                            <pc:Unicode>Msſſe⸗ſeſR.</pc:Unicode>
                        </pc:TextEquiv>
                    </pc:Word>
                    <pc:Word id="region0001_cell0000_line0002_word0002">
                        <pc:Coords points="547,604 596,604 596,644 547,644"/>
                        <pc:TextEquiv conf="0.902527923583984">
                            <pc:Unicode>zu!</pc:Unicode>
                        </pc:TextEquiv>
                    </pc:Word>
                    <pc:Word id="region0001_cell0000_line0002_word0003">
                        <pc:Coords points="609,598 692,598 692,639 609,639"/>
                        <pc:TextEquiv conf="0.924654998779297">
                            <pc:Unicode>durch</pc:Unicode>
                        </pc:TextEquiv>
                    </pc:Word>
                    <pc:Word id="region0001_cell0000_line0002_word0004">
                        <pc:Coords points="701,599 769,599 769,641 701,641"/>
                        <pc:TextEquiv conf="0.924654998779297">
                            <pc:Unicode>ſolch</pc:Unicode>
                        </pc:TextEquiv>
                    </pc:Word>
                    <pc:Word id="region0001_cell0000_line0002_word0005">
                        <pc:Coords points="781,599 939,599 939,641 781,641"/>
                        <pc:TextEquiv conf="0.893539276123047">
                            <pc:Unicode>bepurpert</pc:Unicode>
                        </pc:TextEquiv>
                    </pc:Word>
                    <pc:Word id="region0001_cell0000_line0002_word0006">
                        <pc:Coords points="953,598 953,639 1018,639 1018,598"/>
                        <pc:TextEquiv conf="0.867972259521484">
                            <pc:Unicode>ſter⸗</pc:Unicode>
                        </pc:TextEquiv>
                    </pc:Word>
                    <pc:TextEquiv conf="0.93047849382673">
                        <pc:Unicode>Sess Msſſe⸗ſeſR. zu! durch ſolch bepurpert ſter⸗</pc:Unicode>
                    </pc:TextEquiv>
                </pc:TextLine>
                <pc:TextLine id="region0001_cell0000_line0003">
                    <pc:Coords points="0,641 1045,641 1045,693 0,693"/>
                    <pc:Word id="region0001_cell0000_line0003_word0000">
                        <pc:Coords points="0,670 30,670 30,693 0,693"/>
                        <pc:TextEquiv conf="0.">
                            <pc:Unicode>.</pc:Unicode>
                        </pc:TextEquiv>
                    </pc:Word>
                    <pc:Word id="region0001_cell0000_line0003_word0001">
                        <pc:Coords points="511,654 545,654 545,680 511,680"/>
                        <pc:TextEquiv conf="0.898012237548828">
                            <pc:Unicode>en</pc:Unicode>
                        </pc:TextEquiv>
                    </pc:Word>
                    <pc:TextEquiv conf="0.949006118774414">
                        <pc:Unicode>. en</pc:Unicode>
                    </pc:TextEquiv>
                </pc:TextLine>
                <pc:TextLine id="region0001_cell0000_line0004">
                    <pc:Coords points="143,680 1003,680 1003,728 143,728"/>
                    <pc:Word id="region0001_cell0000_line0004_word0000">
                        <pc:Coords points="143,688 209,688 209,722 143,722"/>
                        <pc:TextEquiv conf="0.915709762573242">
                            <pc:Unicode>Kan</pc:Unicode>
                        </pc:TextEquiv>
                    </pc:Word>
                    <pc:Word id="region0001_cell0000_line0004_word0001">
                        <pc:Coords points="218,693 276,693 276,728 218,728"/>
                        <pc:TextEquiv conf="0.915709762573242">
                            <pc:Unicode>aus</pc:Unicode>
                        </pc:TextEquiv>
                    </pc:Word>
                    <pc:Word id="region0001_cell0000_line0004_word0002">
                        <pc:Coords points="286,691 336,691 336,721 286,721"/>
                        <pc:TextEquiv conf="0.921158142089844">
                            <pc:Unicode>den</pc:Unicode>
                        </pc:TextEquiv>
                    </pc:Word>
                    <pc:Word id="region0001_cell0000_line0004_word0003">
                        <pc:Coords points="347,688 483,688 483,725 347,725"/>
                        <pc:TextEquiv conf="0.925937423706055">
                            <pc:Unicode>Wunden</pc:Unicode>
                        </pc:TextEquiv>
                    </pc:Word>
                    <pc:Word id="region0001_cell0000_line0004_word0004">
                        <pc:Coords points="493,695 560,695 560,719 493,719"/>
                        <pc:TextEquiv conf="0.922981567382812">
                            <pc:Unicode>man</pc:Unicode>
                        </pc:TextEquiv>
                    </pc:Word>
                    <pc:Word id="region0001_cell0000_line0004_word0005">
                        <pc:Coords points="569,685 628,685 628,721 569,721"/>
                        <pc:TextEquiv conf="0.932635040283203">
                            <pc:Unicode>ihm</pc:Unicode>
                        </pc:TextEquiv>
                    </pc:Word>
                    <pc:Word id="region0001_cell0000_line0004_word0006">
                        <pc:Coords points="637,682 879,682 879,724 637,724"/>
                        <pc:TextEquiv conf="0.874970626831055">
                            <pc:Unicode>Ehren⸗Fahnen</pc:Unicode>
                        </pc:TextEquiv>
                    </pc:Word>
                    <pc:Word id="region0001_cell0000_line0004_word0007">
                        <pc:Coords points="890,680 1003,680 1003,722 890,722"/>
                        <pc:TextEquiv conf="0.762885284423828">
                            <pc:Unicode>faͤrben.</pc:Unicode>
                        </pc:TextEquiv>
                    </pc:Word>
                    <pc:TextEquiv conf="0.89649845123291">
                        <pc:Unicode>Kan aus den Wunden man ihm Ehren⸗Fahnen faͤrben.</pc:Unicode>
                    </pc:TextEquiv>
                </pc:TextLine>
                <pc:TextEquiv conf="0.859515722365606">
                    <pc:Unicode>4 Wie? Mneſter / zitterſtu? ſchreck't Tod und Sterben dich.“
Was ſtariſtu hemmt dein Arm noch den behertzten Stich?
Sess Msſſe⸗ſeſR. zu! durch ſolch bepurpert ſter⸗
. en
Kan aus den Wunden man ihm Ehren⸗Fahnen faͤrben.</pc:Unicode>
                </pc:TextEquiv>
            </pc:TextRegion>
        </pc:TableRegion>
        <pc:TableRegion id="region0006" orientation="0.086781835613465">
            <pc:Coords points="0,992 1074,992 1074,1449 0,1449"/>
            <pc:TextRegion id="region0006_cell0000" orientation="0.086781835613465" readingDirection="left-to-right" textLineOrder="top-to-bottom">
                <pc:Coords points="0,992 1074,992 1074,1222 0,1222"/>
                <pc:TextLine id="region0006_cell0000_line0000">
                    <pc:Coords points="0,992 1074,992 1074,1074 0,1074"/>
                    <pc:Word id="region0006_cell0000_line0000_word0000">
                        <pc:Coords points="0,992 32,992 32,1070 0,1070"/>
                        <pc:TextEquiv conf="0.105007247924805">
                            <pc:Unicode>.</pc:Unicode>
                        </pc:TextEquiv>
                    </pc:Word>
                    <pc:Word id="region0006_cell0000_line0000_word0001">
                        <pc:Coords points="150,1019 252,1019 252,1052 150,1052"/>
                        <pc:TextEquiv conf="0.309299163818359">
                            <pc:Unicode>Mneſt.</pc:Unicode>
                        </pc:TextEquiv>
                    </pc:Word>
                    <pc:Word id="region0006_cell0000_line0000_word0002">
                        <pc:Coords points="261,1019 323,1019 323,1053 261,1053"/>
                        <pc:TextEquiv conf="0.445379943847656">
                            <pc:Unicode>Dte</pc:Unicode>
                        </pc:TextEquiv>
                    </pc:Word>
                    <pc:Word id="region0006_cell0000_line0000_word0003">
                        <pc:Coords points="340,1019 438,1019 438,1059 340,1059"/>
                        <pc:TextEquiv conf="0.921340179443359">
                            <pc:Unicode>Zunge</pc:Unicode>
                        </pc:TextEquiv>
                    </pc:Word>
                    <pc:Word id="region0006_cell0000_line0000_word0004">
                        <pc:Coords points="445,1023 460,1023 460,1054 445,1054"/>
                        <pc:TextEquiv conf="0.82892951965332">
                            <pc:Unicode>/</pc:Unicode>
                        </pc:TextEquiv>
                    </pc:Word>
                    <pc:Word id="region0006_cell0000_line0000_word0005">
                        <pc:Coords points="470,1021 513,1021 513,1049 470,1049"/>
                        <pc:TextEquiv conf="0.82892951965332">
                            <pc:Unicode>die</pc:Unicode>
                        </pc:TextEquiv>
                    </pc:Word>
                    <pc:Word id="region0006_cell0000_line0000_word0006">
                        <pc:Coords points="527,1018 606,1018 606,1056 527,1056"/>
                        <pc:TextEquiv conf="0.924456176757813">
                            <pc:Unicode>ſchon</pc:Unicode>
                        </pc:TextEquiv>
                    </pc:Word>
                    <pc:Word id="region0006_cell0000_line0000_word0007">
                        <pc:Coords points="625,1010 770,1010 770,1074 625,1074"/>
                        <pc:TextEquiv conf="0.562237548828125">
                            <pc:Unicode>ſtirb't/iſt</pc:Unicode>
                        </pc:TextEquiv>
                    </pc:Word>
                    <pc:Word id="region0006_cell0000_line0000_word0008">
                        <pc:Coords points="782,1013 851,1013 851,1046 782,1046"/>
                        <pc:TextEquiv conf="0.917733001708984">
                            <pc:Unicode>alles</pc:Unicode>
                        </pc:TextEquiv>
                    </pc:Word>
                    <pc:Word id="region0006_cell0000_line0000_word0009">
                        <pc:Coords points="867,1006 1074,1006 1074,1051 867,1051"/>
                        <pc:TextEquiv conf="0.751106719970703">
                            <pc:Unicode>Heuchelns</pc:Unicode>
                        </pc:TextEquiv>
                    </pc:Word>
                    <pc:TextEquiv conf="0.659441902160644">
                        <pc:Unicode>. Mneſt. Dte Zunge / die ſchon ſtirb't/iſt alles Heuchelns</pc:Unicode>
                    </pc:TextEquiv>
                </pc:TextLine>
                <pc:TextLine id="region0006_cell0000_line0001">
                    <pc:Coords points="0,1058 1057,1058 1057,1178 0,1178"/>
                    <pc:Word id="region0006_cell0000_line0001_word0000">
                        <pc:Coords points="0,1084 29,1084 29,1155 0,1155"/>
                        <pc:TextEquiv conf="0.724311828613281">
                            <pc:Unicode>4</pc:Unicode>
                        </pc:TextEquiv>
                    </pc:Word>
                    <pc:Word id="region0006_cell0000_line0001_word0001">
                        <pc:Coords points="41,1103 43,1103 43,1162 41,1162"/>
                        <pc:TextEquiv conf="0.083753814697266">
                            <pc:Unicode>⸗</pc:Unicode>
                        </pc:TextEquiv>
                    </pc:Word>
                    <pc:Word id="region0006_cell0000_line0001_word0002">
                        <pc:Coords points="104,1171 106,1171 106,1173 104,1173"/>
                        <pc:TextEquiv conf="0.044540252685547">
                            <pc:Unicode>—</pc:Unicode>
                        </pc:TextEquiv>
                    </pc:Word>
                    <pc:Word id="region0006_cell0000_line0001_word0003">
                        <pc:Coords points="150,1084 237,1084 237,1146 150,1146"/>
                        <pc:TextEquiv conf="0.722498931884766">
                            <pc:Unicode>Paris.</pc:Unicode>
                        </pc:TextEquiv>
                    </pc:Word>
                    <pc:Word id="region0006_cell0000_line0001_word0004">
                        <pc:Coords points="245,1101 327,1101 327,1161 245,1161"/>
                        <pc:TextEquiv conf="0.920542144775391">
                            <pc:Unicode>Man</pc:Unicode>
                        </pc:TextEquiv>
                    </pc:Word>
                    <pc:Word id="region0006_cell0000_line0001_word0005">
                        <pc:Coords points="335,1084 419,1084 419,1149 335,1149"/>
                        <pc:TextEquiv conf="0.271004867553711">
                            <pc:Unicode>lach't</pc:Unicode>
                        </pc:TextEquiv>
                    </pc:Word>
                    <pc:Word id="region0006_cell0000_line0001_word0006">
                        <pc:Coords points="429,1058 636,1058 636,1178 429,1178"/>
                        <pc:TextEquiv conf="0.">
                            <pc:Unicode>egezes</pc:Unicode>
                        </pc:TextEquiv>
                    </pc:Word>
                    <pc:Word id="region0006_cell0000_line0001_word0007">
                        <pc:Coords points="644,1097 807,1097 807,1139 644,1139"/>
                        <pc:TextEquiv conf="0.419174423217773">
                            <pc:Unicode>verſpiel't</pc:Unicode>
                        </pc:TextEquiv>
                    </pc:Word>
                    <pc:Word id="region0006_cell0000_line0001_word0008">
                        <pc:Coords points="800,1089 810,1089 810,1144 800,1144"/>
                        <pc:TextEquiv conf="0.419174423217773">
                            <pc:Unicode>/</pc:Unicode>
                        </pc:TextEquiv>
                    </pc:Word>
                    <pc:Word id="region0006_cell0000_line0001_word0009">
                        <pc:Coords points="815,1098 858,1098 858,1129 815,1129"/>
                        <pc:TextEquiv conf="0.885226135253906">
                            <pc:Unicode>die</pc:Unicode>
                        </pc:TextEquiv>
                    </pc:Word>
                    <pc:Word id="region0006_cell0000_line0001_word0010">
                        <pc:Coords points="870,1093 961,1093 961,1128 870,1128"/>
                        <pc:TextEquiv conf="0.930749435424805">
                            <pc:Unicode>Karte</pc:Unicode>
                        </pc:TextEquiv>
                    </pc:Word>
                    <pc:Word id="region0006_cell0000_line0001_word0011">
                        <pc:Coords points="970,1088 1038,1088 1038,1160 970,1160"/>
                        <pc:TextEquiv conf="0.76696418762207">
                            <pc:Unicode>reiſt</pc:Unicode>
                        </pc:TextEquiv>
                    </pc:Word>
                    <pc:Word id="region0006_cell0000_line0001_word0012">
                        <pc:Coords points="1050,1094 1057,1094 1057,1100 1050,1100"/>
                        <pc:TextEquiv conf="0.039032440185547">
                            <pc:Unicode>.</pc:Unicode>
                        </pc:TextEquiv>
                    </pc:Word>
                    <pc:TextEquiv conf="0.555920991163987">
                        <pc:Unicode>4 ⸗ — Paris. Man lach't egezes verſpiel't / die Karte reiſt .</pc:Unicode>
                    </pc:TextEquiv>
                </pc:TextLine>
                <pc:TextLine id="region0006_cell0000_line0002">
                    <pc:Coords points="4,1174 993,1174 993,1222 4,1222"/>
                    <pc:Word id="region0006_cell0000_line0002_word0000">
                        <pc:Coords points="4,1182 309,1182 309,1221 4,1221"/>
                        <pc:TextEquiv conf="0.270429992675781">
                            <pc:Unicode>WVerblutte</pc:Unicode>
                        </pc:TextEquiv>
                    </pc:Word>
                    <pc:Word id="region0006_cell0000_line0002_word0001">
                        <pc:Coords points="319,1183 402,1183 402,1215 319,1215"/>
                        <pc:TextEquiv conf="0.379557456970215">
                            <pc:Unicode>Seel</pc:Unicode>
                        </pc:TextEquiv>
                    </pc:Word>
                    <pc:Word id="region0006_cell0000_line0002_word0002">
                        <pc:Coords points="417,1186 472,1186 472,1215 417,1215"/>
                        <pc:TextEquiv conf="0.578968620300293">
                            <pc:Unicode>und</pc:Unicode>
                        </pc:TextEquiv>
                    </pc:Word>
                    <pc:Word id="region0006_cell0000_line0002_word0003">
                        <pc:Coords points="481,1174 568,1174 568,1222 481,1222"/>
                        <pc:TextEquiv conf="0.926496429443359">
                            <pc:Unicode>Geiſt</pc:Unicode>
                        </pc:TextEquiv>
                    </pc:Word>
                    <pc:Word id="region0006_cell0000_line0002_word0004">
                        <pc:Coords points="572,1178 718,1178 718,1219 572,1219"/>
                        <pc:TextEquiv conf="0.441354560852051">
                            <pc:Unicode>/verkuͤhle</pc:Unicode>
                        </pc:TextEquiv>
                    </pc:Word>
                    <pc:Word id="region0006_cell0000_line0002_word0005">
                        <pc:Coords points="727,1179 803,1179 803,1217 727,1217"/>
                        <pc:TextEquiv conf="0.927746734619141">
                            <pc:Unicode>Zorn</pc:Unicode>
                        </pc:TextEquiv>
                    </pc:Word>
                    <pc:Word id="region0006_cell0000_line0002_word0006">
                        <pc:Coords points="812,1181 869,1181 869,1211 812,1211"/>
                        <pc:TextEquiv conf="0.859560089111328">
                            <pc:Unicode>und</pc:Unicode>
                        </pc:TextEquiv>
                    </pc:Word>
                    <pc:Word id="region0006_cell0000_line0002_word0007">
                        <pc:Coords points="877,1176 993,1176 993,1214 877,1214"/>
                        <pc:TextEquiv conf="0.859560089111328">
                            <pc:Unicode>Gallen.</pc:Unicode>
                        </pc:TextEquiv>
                    </pc:Word>
                    <pc:TextEquiv conf="0.655459246635437">
                        <pc:Unicode>WVerblutte Seel und Geiſt /verkuͤhle Zorn und Gallen.</pc:Unicode>
                    </pc:TextEquiv>
                </pc:TextLine>
                <pc:TextEquiv conf="0.62360737998669">
                    <pc:Unicode>. Mneſt. Dte Zunge / die ſchon ſtirb't/iſt alles Heuchelns
4 ⸗ — Paris. Man lach't egezes verſpiel't / die Karte reiſt .
WVerblutte Seel und Geiſt /verkuͤhle Zorn und Gallen.</pc:Unicode>
                </pc:TextEquiv>
            </pc:TextRegion>
            <pc:TextRegion id="region0006_cell0001" orientation="0.086781835613465" readingDirection="left-to-right" textLineOrder="top-to-bottom">
                <pc:Coords points="0,1219 1038,1219 1038,1354 0,1354"/>
                <pc:TextLine id="region0006_cell0001_line0000">
                    <pc:Coords points="1,1219 1038,1219 1038,1270 1,1270"/>
                    <pc:Word id="region0006_cell0001_line0000_word0000">
                        <pc:Coords points="151,1226 210,1226 210,1270 151,1270"/>
                        <pc:TextEquiv conf="0.906592636108398">
                            <pc:Unicode>Ein</pc:Unicode>
                        </pc:TextEquiv>
                    </pc:Word>
                    <pc:Word id="region0006_cell0001_line0000_word0001">
                        <pc:Coords points="220,1226 269,1226 269,1265 220,1265"/>
                        <pc:TextEquiv conf="0.786876678466797">
                            <pc:Unicode>ſich</pc:Unicode>
                        </pc:TextEquiv>
                    </pc:Word>
                    <pc:Word id="region0006_cell0001_line0000_word0002">
                        <pc:Coords points="278,1223 608,1223 608,1265 278,1265"/>
                        <pc:TextEquiv conf="0.421378936767578">
                            <pc:Unicode>ſelbſt⸗ſtuͤrtzend</pc:Unicode>
                        </pc:TextEquiv>
                    </pc:Word>
                    <pc:Word id="region0006_cell0001_line0000_word0003">
                        <pc:Coords points="605,1219 525,1219 525,1270 605,1270"/>
                        <pc:TextEquiv conf="0.92151481628418">
                            <pc:Unicode>Feind</pc:Unicode>
                        </pc:TextEquiv>
                    </pc:Word>
                    <pc:Word id="region0006_cell0001_line0000_word0004">
                        <pc:Coords points="618,1221 751,1221 751,1270 618,1270"/>
                        <pc:TextEquiv conf="0.504082298278809">
                            <pc:Unicode>bringit</pc:Unicode>
                        </pc:TextEquiv>
                    </pc:Word>
                    <pc:Word id="region0006_cell0001_line0000_word0005">
                        <pc:Coords points="751,1220 823,1220 823,1259 751,1259"/>
                        <pc:TextEquiv conf="0.701179962158203">
                            <pc:Unicode>ſuͤſſes</pc:Unicode>
                        </pc:TextEquiv>
                    </pc:Word>
                    <pc:Word id="region0006_cell0001_line0000_word0006">
                        <pc:Coords points="835,1219 1038,1219 1038,1266 835,1266"/>
                        <pc:TextEquiv conf="0.923418502807617">
                            <pc:Unicode>Wolgefallen.</pc:Unicode>
                        </pc:TextEquiv>
                    </pc:Word>
                    <pc:TextEquiv conf="0.737863404410226">
                        <pc:Unicode>Ein ſich ſelbſt⸗ſtuͤrtzend Feind bringit ſuͤſſes Wolgefallen.</pc:Unicode>
                    </pc:TextEquiv>
                </pc:TextLine>
                <pc:TextLine id="region0006_cell0001_line0001">
                    <pc:Coords points="0,1285 998,1285 998,1354 0,1354"/>
                    <pc:Word id="region0006_cell0001_line0001_word0000">
                        <pc:Coords points="0,1285 30,1285 30,1320 0,1320"/>
                        <pc:TextEquiv conf="0.">
                            <pc:Unicode>.</pc:Unicode>
                        </pc:TextEquiv>
                    </pc:Word>
                    <pc:Word id="region0006_cell0001_line0001_word0001">
                        <pc:Coords points="211,1295 370,1295 370,1353 211,1353"/>
                        <pc:TextEquiv conf="0.866694412231445">
                            <pc:Unicode>Nero.</pc:Unicode>
                        </pc:TextEquiv>
                    </pc:Word>
                    <pc:Word id="region0006_cell0001_line0001_word0002">
                        <pc:Coords points="392,1297 659,1297 659,1353 392,1353"/>
                        <pc:TextEquiv conf="0.882555160522461">
                            <pc:Unicode>Zoroaſter.</pc:Unicode>
                        </pc:TextEquiv>
                    </pc:Word>
                    <pc:Word id="region0006_cell0001_line0001_word0003">
                        <pc:Coords points="670,1298 797,1298 797,1354 670,1354"/>
                        <pc:TextEquiv conf="0.924744186401367">
                            <pc:Unicode>Sein</pc:Unicode>
                        </pc:TextEquiv>
                    </pc:Word>
                    <pc:Word id="region0006_cell0001_line0001_word0004">
                        <pc:Coords points="806,1293 998,1293 998,1354 806,1354"/>
                        <pc:TextEquiv conf="0.924342803955078">
                            <pc:Unicode>Diener.</pc:Unicode>
                        </pc:TextEquiv>
                    </pc:Word>
                    <pc:TextEquiv conf="0.91966731262207">
                        <pc:Unicode>. Nero. Zoroaſter. Sein Diener.</pc:Unicode>
                    </pc:TextEquiv>
                </pc:TextLine>
                <pc:TextEquiv conf="0.828765358516148">
                    <pc:Unicode>Ein ſich ſelbſt⸗ſtuͤrtzend Feind bringit ſuͤſſes Wolgefallen.
. Nero. Zoroaſter. Sein Diener.</pc:Unicode>
                </pc:TextEquiv>
            </pc:TextRegion>
            <pc:TextRegion id="region0006_cell0002" orientation="0.086781835613465" readingDirection="left-to-right" textLineOrder="top-to-bottom">
                <pc:Coords points="0,1368 796,1368 796,1449 0,1449"/>
                <pc:TextLine id="region0006_cell0002_line0000">
                    <pc:Coords points="0,1368 796,1368 796,1449 0,1449"/>
                    <pc:Word id="region0006_cell0002_line0000_word0000">
                        <pc:Coords points="0,1415 29,1415 29,1449 0,1449"/>
                        <pc:TextEquiv conf="0.">
                            <pc:Unicode>6</pc:Unicode>
                        </pc:TextEquiv>
                    </pc:Word>
                    <pc:Word id="region0006_cell0002_line0000_word0001">
                        <pc:Coords points="335,1370 537,1370 537,1433 335,1433"/>
                        <pc:TextEquiv conf="0.754386444091797">
                            <pc:Unicode>Paris.</pc:Unicode>
                        </pc:TextEquiv>
                    </pc:Word>
                    <pc:Word id="region0006_cell0002_line0000_word0002">
                        <pc:Coords points="558,1368 796,1368 796,1421 558,1421"/>
                        <pc:TextEquiv conf="0.887333068847656">
                            <pc:Unicode>Anicetus.</pc:Unicode>
                        </pc:TextEquiv>
                    </pc:Word>
                    <pc:TextEquiv conf="0.880573170979818">
                        <pc:Unicode>6 Paris. Anicetus.</pc:Unicode>
                    </pc:TextEquiv>
                </pc:TextLine>
                <pc:TextEquiv conf="0.880573170979818">
                    <pc:Unicode>6 Paris. Anicetus.</pc:Unicode>
                </pc:TextEquiv>
            </pc:TextRegion>
        </pc:TableRegion>
    </pc:Page>
</pc:PcGts>
