1296 1855
299 230 317 259 8
514 223 630 262 58)
647 232 666 253 0
683 222 802 261 (ge.

363 281 462 318 Hiebey
476 281 505 318 iſt
519 290 571 312 nun
590 289 616 319 zu
630 280 760 317 mercken,
783 280 833 318 daß
846 282 894 313 das
913 278 1018 324 Zeichen

295 330 314 349 o
335 320 386 357 auf
400 322 466 352 allen
497 319 606 353 Stellen
620 322 701 358 nichts
722 320 853 359 bedeutet,
880 319 969 351 weilen
983 326 1018 355 ze⸗

296 361 415 397 henmahl
434 360 515 395 nichts
540 362 591 391 und
616 362 796 399 hundertmahl
822 362 902 398 nichts
923 362 975 391 und
994 358 1017 405 ſo

296 397 347 435 fort
375 400 452 436 allzeit
482 399 562 435 nichts
589 401 734 437 ausmacht.
794 400 865 434 Wie
891 399 952 431 aber
978 400 1017 430 die

295 437 485 476 Vermehrung
500 440 542 469 der
556 438 716 477 Bedeutung
729 441 771 472 der
784 438 891 478 uͤbrigen
911 438 1018 476 Zeichen

296 478 359 514 nach
373 480 419 509 den
434 479 543 511 Stellen
556 478 693 516 beſchaffen
706 480 757 517 ſey,
785 480 808 516 ſo
822 481 850 518 iſt
865 488 891 513 zu
905 480 1017 511 mercken

296 516 347 552 daß
360 519 401 548 der
421 516 523 554 Werth
537 519 606 550 eines
621 519 739 556 jeglichen
759 520 918 548 Characters
933 523 1018 558 zehen⸗

294 558 367 593 mahl
386 552 478 593 groͤſſer
501 557 560 594 ſey,
598 559 640 589 als
666 558 716 594 auf
736 560 779 590 der
797 561 1018 597 vorhergehenden

295 594 386 629 Stelle
400 595 462 631 nach
477 597 519 627 der
539 595 635 632 rechten
654 598 748 635 Hand.
799 598 857 631 Und
884 601 1017 637 deswegen

296 638 342 674 hat
362 643 424 666 man
442 635 488 673 ſich
511 636 690 675 nachfolgende
709 637 808 666 Tabell
825 634 925 677 noͤthtig
949 640 1018 678 wohl

296 675 406 708 bekannt
419 682 446 711 zu
461 675 575 710 machen.
1020 681 1023 685 g

314 712 473 751 Zehenmahl
499 715 555 746 eins
712 715 797 752 macht
816 715 888 752 zehen

314 752 472 790 Zehenmahl
504 755 575 790 zehen
780 756 922 791 hundert

314 791 473 829 Zehenmahl
500 793 607 829 hundert
781 794 918 830 tauſend

313 830 474 868 Zehenmahl
502 831 605 867 tauſend
779 836 883 871 zehen
916 833 1019 869 tauſend

314 869 473 907 Zehenmahl
486 871 556 907 zehen
570 869 674 905 tauſend
784 874 909 910 hundert
916 874 1020 910 tauſend

315 909 463 947 Zehenmahl
485 909 596 952 hundert
609 909 743 946 tauſend⸗
784 913 993 952 ⸗tauſendmahl

643 951 746 985 tauſend
761 952 818 983 oder
832 954 885 984 eine
894 953 1000 981 Million

315 984 512 1024 Tauſendmahl
526 988 628 1025 tauſend
641 989 782 1023 Millonen
800 993 884 1030 macht
897 993 950 1024 eine
965 992 1021 1022 Bil-

833 1040 839 1047 4
946 1035 1002 1061 lion

316 1060 514 1103 Tauſendmahl
527 1065 628 1103 tauſend
641 1066 770 1101 Billionen
824 1082 825 1099 „
872 1072 935 1103 eine
948 1060 1022 1103 Tril-

945 1113 1000 1141 lion

728 844 740 861 X
729 805 742 823 X

557 1144 610 1175 und
632 1143 655 1181 ſo
668 1146 765 1179 weiter.

356 1179 418 1225 Aus
431 1180 505 1216 dieſer
523 1181 624 1212 Tabell
644 1185 769 1218 bekommt
786 1195 849 1218 man
869 1190 927 1227 allſo
947 1190 1020 1223 einen

296 1217 413 1258 Begriff
423 1226 472 1251 von
488 1221 533 1252 den
547 1221 646 1260 Zahlen
658 1226 745 1263 zehen,
767 1226 888 1266 hundert,
915 1230 1018 1266 tauſend

297 1261 350 1290 und
365 1260 388 1296 ſo
401 1259 467 1298 fort;
486 1261 568 1292 indem
582 1270 644 1293 man
652 1264 752 1297 daraus
764 1266 823 1304 ſieht
836 1270 934 1300 wieviel
955 1259 1020 1304 Stuͤ⸗

296 1297 336 1330 cke
349 1299 403 1331 eine
421 1300 473 1337 jede
492 1299 559 1337 Zahl
576 1302 695 1340 vorſtellt.
746 1305 867 1342 Hieraus
887 1309 936 1341 kan
955 1318 1019 1342 man

296 1338 360 1368 aber
375 1337 458 1374 ferner
471 1338 627 1378 abnehmen,
641 1343 739 1375 wieviel
752 1346 857 1381 einjeder
871 1348 1022 1379 Character

299 1383 350 1406 von
364 1378 411 1408 den
422 1378 589 1416 obgedachten
608 1383 680 1419 zehen
708 1384 734 1416 in
753 1385 821 1416 einer
835 1388 905 1426 jeden
929 1387 1021 1422 Stelle

298 1414 409 1449 bedeute.
463 1417 603 1458 Nehmlich
628 1421 659 1465 in
680 1421 723 1455 der
748 1425 827 1465 erſten
853 1426 944 1462 Stelle
969 1435 1021 1461 von

976 1471 1020 1501 der

1153 1050 1157 1066 A
1231 1030 1244 1070 r
1253 1028 1296 1065 a

1168 1072 1267 1110 e,

1161 1112 1276 1150 e

1147 1151 1208 1194 %
1233 1152 1287 1194 fed

1163 1198 1216 1234 5
1228 1194 1286 1234 fe

1151 1237 1215 1284 g
1226 1236 1296 1277 mud

1151 1325 1228 1371 bs

1147 1372 1182 1429 T
1240 1368 1282 1418 eh

1120 1413 1296 1460 g
1253 1413 1295 1460 wa

1164 1448 1230 1500 e
1239 1458 1293 1497 ee

1138 1494 1226 1544 v
1237 1500 1290 1541 fu
