1296 1855
0 200 153 225 .

0 215 116 262 Tila,
126 228 159 270 dn

0 259 23 308 ö
39 269 74 309 gen
75 259 158 316 handen

0 313 50 343 lues,
60 305 115 352 fünf
121 310 173 351 hun,

0 349 113 395 tausend,
121 352 160 392 ach

0 392 69 436 lig
78 387 171 449 Hall

5 434 82 479 drepßig
91 440 172 480 tao

3 477 85 518 achtzig,
105 478 170 517 Git

0 559 97 601 Dam
68 558 94 604 un
105 558 177 604 dies

0 608 45 656 et
57 598 171 656 benrſahe,

0 647 168 697 ielbegeek.

239 229 304 253 von
311 221 360 250 der
371 217 509 253 Rechten
523 224 616 258 gegen
631 216 683 247 der
695 213 1000 248 Lincken
838 213 883 258 die
896 213 1000 248 Uhite⸗

239 269 308 299 ten,
336 260 440 292 weilen
458 260 510 290 der
530 256 593 297 auf
613 256 703 296 dieſer
729 255 832 288 Stelle
863 254 999 300 ſtehende

239 302 391 331 Character
405 301 560 341 anzeiget,
596 299 655 329 wie
673 296 733 328 viel
751 298 856 333 einzele
884 296 999 341 Stuͤcke

240 342 419 380 vorhanden
438 341 513 380 ſind.
578 338 648 377 Auf
660 339 712 369 der
736 344 868 376 zweyten
895 337 999 371 Stelle

239 377 303 422 ſind
320 385 367 415 die
388 382 542 413 Decades,
571 380 675 412 indem
693 379 744 410 der
768 377 921 407 Character
942 378 1004 420 auf

238 424 327 464 dieſer
342 422 445 461 Stelle
460 421 624 460 ausweiſet
649 441 652 459 ,
682 419 890 459 wievielmahl
912 420 1000 457 zehen

240 466 339 501 einzele
349 462 469 497 Stůcke
478 462 668 497 vorhanden.
697 462 805 500 Ferner
819 462 939 493 werden
953 461 1000 494 die

239 506 301 545 auf
311 507 362 537 der
387 504 504 538 dritten
531 502 637 537 Stelle
659 502 824 530 Centenarü
844 508 1000 544 genennet;

239 547 301 587 auf
316 548 368 578 der
380 548 495 578 vierten
518 543 688 580 Millenarü;
717 541 779 582 auf
793 543 846 574 der
869 542 1001 583 fuͤnften

239 587 369 616 Decades
380 589 539 616 millenario
548 597 624 619 rum,
646 583 708 623 auf
718 585 769 615 der
783 584 910 623 ſechſten
926 584 1001 613 Cen-

238 633 337 657 tenarii
359 629 577 657 millenariorum
603 627 669 658 und
688 624 749 664 auf
769 626 821 657 der
847 626 1000 665 ſiebenden

239 667 389 698 Mulliones.
433 668 539 701 Wenn
552 674 626 699 man
639 674 704 699 nun
716 666 764 697 die
789 665 929 701 Millionen
945 665 1001 701 als

239 710 341 746 einzele
356 707 477 741 Stuͤcke
496 708 687 745 betrachtet,
714 706 751 748 ſo
763 706 914 747 befinden
935 708 999 748 ſich

239 750 302 789 auf
318 751 370 781 der
392 749 499 785 achten
526 748 631 781 Stelle
651 748 754 780 wieder
774 747 890 776 Decades
910 750 1000 789 nehm⸗

237 792 298 826 lich
320 790 505 819 Millionum,
536 789 597 828 auf
616 791 666 820 der
680 796 811 820 neunten
832 789 1001 831 Cenrenarii

233 834 302 864 und
316 831 346 870 ſo
359 831 525 863 wiederum
537 830 606 870 fort
626 830 678 861 bis
692 829 752 868 auf
769 830 911 862 Billicnen
942 829 1003 871 auf

237 873 289 906 der
309 872 505 911 dreyzehnten
533 871 646 903 Stelle.
699 871 751 910 In
772 869 897 910 gleicher
917 871 1000 904 Ord⸗

236 920 324 955 nung
336 914 409 953 geht
423 922 496 944 man
511 913 676 944 wiederum
693 911 762 951 fort
775 912 825 943 bis
840 912 903 952 auf
920 912 998 941 Vril

237 956 334 987 lionen
354 955 418 986 und
436 954 467 993 ſo
483 957 595 985 weiter.
903 954 939 989 35

306 995 409 1033 Dieſes
436 995 576 1035 deutlicher
597 998 645 1024 vor
671 990 769 1030 Augen
790 998 818 1031 zu
843 990 918 1032 legen
947 992 999 1026 die⸗

237 1041 283 1070 net
296 1036 416 1076 folgende
430 1032 553 1064 Tabelle
587 1034 682 1071 welche
697 1033 783 1071 weiſet
798 1039 860 1066 was
870 1032 946 1066 die
952 1034 999 1062 Cha-

240 1080 362 1107 racteres
382 1077 433 1116 auf
444 1078 515 1110 einer
536 1076 660 1115 jeglichen
685 1074 781 1110 Stelle
800 1071 845 1114 fuͤr
865 1076 920 1109 eine
936 1074 999 1110 Be⸗

237 1118 354 1159 deutung
375 1118 477 1159 haben:
500 1118 544 1151 als

232 1156 350 1207 Stellen
573 1159 614 1192 die
635 1157 805 1199 Bedeutung

538 1222 551 1241 .
633 1198 796 1257 Uaoitates“)
834 1224 837 1232 N
912 1217 936 1228 5

534 1264 548 1282 .
640 1251 786 1293 Decades

536 1306 549 1325 „
604 1293 784 1322 Centenarii(
818 1302 861 1313 5;
931 1304 932 1308 1.

442 1348 454 1367 .
536 1348 550 1366 .
617 1328 773 1371 Millenarii
784 1303 826 1358 0
836 1312 956 1336 9

397 1376 530 1408 Decades
556 1375 774 1404 millenariorum

374 1414 540 1460 Centenarii
554 1409 796 1469 millenariorum)

604 1471 641 1507 B
909 1437 994 1510 Stel⸗

442 1305 455 1325 X
439 1267 451 1284 X
442 1222 455 1242 V

274 1223 296 1452 KA

348 1433 360 1451 S
346 1267 361 1410 XXX
