1021 1647
261 99 389 150 Suſſer
406 106 472 149 got
480 101 574 148 nach
585 99 662 138 dein
669 100 784 149 gnadẽ
792 98 852 150 ſtet
861 101 929 140 meĩ

258 152 351 201 begir
359 156 435 198 end
444 153 533 188 einen
544 153 635 200 engel
644 152 717 199 auß
728 155 803 189 dem
813 152 929 199 hymel

129 204 191 252 her
201 214 238 246 zu
249 207 330 240 mir.
350 200 405 252 das
420 203 475 246 ich
488 205 539 238 ein
549 200 643 245 buch
655 210 718 239 mit
728 202 859 239 innikeit
870 207 929 250 ge⸗

131 253 255 301 mache
264 254 317 289 dir
354 254 424 289 das
435 251 491 296 ich
502 258 577 288 von
589 250 719 288 deinem
730 251 927 301 angeſicht.

130 313 218 352 mug
229 303 383 350 ſpꝛechen
395 302 487 339 vnde
495 298 628 346 ſingen.

129 355 163 401 ¶
176 355 259 395 Wie
268 355 338 390 das
348 360 424 391 von
441 348 637 399 Jeruſalem
647 347 720 392 hyn
730 355 793 393 gen
803 348 926 388 Kome

128 403 281 443 kam.
237 395 277 446 vñ
292 406 384 446 auch
395 405 472 437 dem
484 399 623 439 kracken
638 395 767 444 Keyſer
777 397 926 442 ſchwere

126 453 244 502 ſeuchẽ
266 446 346 502 nam.
367 450 501 496 Sronica
516 448 589 495 alſo
600 448 692 485 kund
703 446 756 493 ich
772 448 853 491 euch
862 451 930 486 des

129 504 263 549 buches
283 501 373 550 ſtam
381 509 454 538 ann
465 506 582 547 gottes
594 495 697 546 hylſſ
694 498 859 546 vermach
868 498 925 542 ich

125 555 235 600 nicht.
255 555 310 590 das
321 552 448 596 wirdig
458 549 551 590 buch
563 546 780 595 volbꝛingen.

181 605 240 652 In
251 609 370 651 gottes
381 600 485 637 namẽ
495 598 572 644 ichs
579 601 633 633 den
653 595 734 633 leutẽ
744 597 850 633 kunde
863 595 925 645 In

124 661 231 702 gotes
241 663 288 688 ere
299 651 335 697 ſo
348 649 414 695 heb
425 648 503 693 ichs
513 648 563 682 die
574 644 668 682 lieder
692 654 739 681 an.
758 644 797 702 wer
823 645 865 689 ſie
874 647 924 683 nũ

126 702 212 750 Hhoͤꝛt
220 704 284 737 mit
292 698 462 745 innigkeyt
471 696 558 732 weib
569 700 650 732 ader
676 703 757 732 man.
772 696 837 750 den
837 703 925 743 mag

123 750 264 801 deſſelbẽ
284 759 384 797 tages
403 742 510 801 nym̃er
526 742 594 801 leyd
607 742 745 790 beſtan.
763 744 874 789 habes
884 754 925 788 zu

128 810 194 851 got
204 805 282 839 dem
295 800 387 844 herrẽ
396 794 524 845 pflicht
535 795 610 831 vnd
620 793 710 830 leben
722 802 786 829 ane
798 791 916 840 ſunde.

129 853 166 901 ¶
177 851 240 888 Die
252 852 345 887 deinẽ
355 847 419 895 gůt
429 850 478 884 die
495 846 545 882 bit
556 846 612 890 ich
624 847 670 881 du
681 843 729 882 vil
740 851 843 888 zarter
859 851 924 892 got

125 900 269 946 verleich
280 899 346 937 mir
357 899 433 943 herr
444 897 494 934 ein
506 895 621 944 klugen
634 894 694 943 ſyn
705 900 780 933 vnd
793 894 924 940 weyſen

128 941 214 996 Rat.
236 953 295 989 das
311 949 365 996 ich
372 948 452 995 dich
464 945 552 996 müg
563 945 702 995 geloben
713 953 776 993 got
787 944 858 988 frue
870 941 923 979 vñ

127 1002 230 1051 ſpat.
243 999 296 1039 vñ
307 1002 376 1037 das
389 998 447 1044 ich
456 999 547 1043 auch
557 998 633 1035 dein
643 995 755 1037 antlitz
773 996 856 1039 herr.
870 994 925 1031 mit

126 1052 264 1102 freuden
275 1049 363 1097 mug
373 1047 601 1095 anſchawen.

125 1103 161 1148 ¶
172 1101 189 1140 O
220 1102 296 1147 herr
305 1101 380 1138 dein
392 1097 457 1146 gůt
468 1095 611 1144 erzeigeſt
621 1100 696 1130 vns
707 1097 773 1137 gar
782 1088 925 1136 manig⸗

123 1151 215 1202 falt.
226 1148 379 1189 darumb
388 1147 447 1193 ſoll
465 1150 519 1184 wir
532 1146 611 1189 dich
619 1141 719 1179 loben
726 1138 827 1186 beyde
838 1143 924 1188 iung

109 1206 202 1240 vnd
199 1187 274 1242 alt.
294 1200 347 1237 das
361 1204 409 1236 du
417 1207 492 1235 vns
503 1197 580 1242 herr
590 1187 676 1239 auff
678 1191 774 1229 erden
786 1193 840 1234 hie
851 1189 923 1236 lieſt

125 1254 213 1303 deyn
222 1249 363 1302 geſtalt.
374 1248 477 1289 vnnd
490 1247 540 1287 die
551 1242 665 1292 beleyb
675 1242 711 1284 in
720 1239 848 1293 groſſer
858 1250 920 1279 ere.
