1700 2687
274 395 352 425 Vom
369 393 495 430 Gerippe
513 395 564 422 der
581 393 773 434 Sángethiere,
915 400 962 436 25

96 470 177 498 tern
206 478 284 501 von
309 461 579 516 Säugethieren
610 481 689 505 von
715 469 963 509 auffallender

95 531 438 571 Verschiedenheit.
490 539 567 581 Bey
598 535 726 574 vielen
743 532 840 586 feris
865 551 898 574 z.
919 545 961 576 B.

94 591 143 627 ist
177 608 217 630 er
252 594 376 633 klein;
417 606 459 630 s0
499 597 596 633 auch
625 597 737 644 beym
767 599 961 638 Wallroſs.

94 654 293 703 Hingegen
319 654 392 699 bey
415 649 496 692 den
514 660 668 706 gliribus
693 663 805 697 theils
837 666 963 697 mäch-

92 721 148 768 tig
181 723 306 772 groſs;
360 737 402 762 s0
438 727 551 773 beym
589 730 724 773 Biber,
775 731 962 767 Murmel-

91 786 211 827 thier;
238 788 336 823 auch
360 788 473 834 beym
485 790 672 838 Nilpferd,
698 792 962 845 beymTümms-

90 844 163 887 ler,
201 847 397 883 Caschelot
441 858 479 881 u.
506 861 537 885 a,
569 861 620 883 m.
661 869 713 878 —
768 854 841 888 Die
874 857 962 890 selt-

90 924 227 951 samste
255 920 367 955 Form
400 918 524 957 haben
556 919 618 956 die
652 921 786 960 beiden
821 923 961 960 haken-

86 974 231 1023 förmig
256 977 454 1025 gebognen
482 980 602 1017 durch
623 983 708 1020 eine
733 984 851 1019 breite
866 989 962 1031 Syn-

89 1039 303 1078 chondrose
327 1053 404 1076 von
441 1043 620 1077 einander
643 1057 871 1091 getrennten
898 1057 961 1083 In-

87 1106 323 1145 termaxillar
333 1129 345 1137 -
356 1109 542 1147 Knochen
565 1111 632 1148 des
642 1111 956 1151 Schnabelthiers.

86 1175 129 1220 (8s.
156 1176 228 1214 tab,
251 1180 279 1215 I.
308 1192 341 1214 n.
358 1179 413 1227 0.)
436 1182 479 1228 *),

548 1261 624 1299 B5
726 1266 732 1273 y
848 1264 880 1304 $.
899 1267 957 1302 15

201 1364 266 1394 gen
284 1357 410 1389 Stellen
426 1357 638 1398 anfmerksam
660 1361 788 1397 macht,
813 1363 898 1396 *“ybi
916 1374 960 1395 ex

200 1411 370 1442 simiarum
399 1411 593 1444 dissecctione
612 1413 765 1452 deceptus
781 1415 956 1452 GALENUS,

201 1474 225 1493 a
244 1474 322 1495 vera
350 1467 491 1498 kominis
523 1471 763 1500 constructione
779 1481 819 1500 ac
839 1473 957 1503 sceleto

197 1521 342 1555 deuiat.”
363 1533 388 1555 s,
408 1518 479 1563 pag.
497 1532 565 1554 120.
587 1536 642 1564 125
666 1536 698 1559 n,
717 1526 742 1561 f,

143 1579 180 1622 *ÿ
203 1587 257 1613 Ich
285 1587 361 1613 darf
382 1590 473 1614 nicht
504 1595 584 1614 alles
610 1596 680 1615 hier
715 1600 954 1623 wiederholen,

198 1660 267 1682 was
298 1662 371 1684 vom
395 1654 649 1688 Intermaxillar-
669 1656 817 1691 Knochen
839 1661 873 1690 in
897 1660 955 1690 der

202 1717 278 1748 zien
297 1710 395 1754 Aug.
411 1710 465 1742 -de
494 1721 600 1753 gener.
625 1715 711 1754 hum,
736 1717 852 1748 variet.
884 1728 954 1757 pag,

176 1785 183 1791 -
198 1776 239 1806 34
263 1769 311 1800 bis
336 1779 374 1806 41
393 1772 503 1810 geságt
519 1773 579 1809 ist,
601 1784 653 1806 wo
667 1775 719 1805 ich
737 1776 820 1806 auch
844 1776 953 1818 einige

198 1826 291 1857 Aﬀen
327 1829 393 1858 und
434 1829 641 1861 Meerkatzen
673 1829 865 1872 angeführt,
912 1842 955 1863 an

197 1882 300 1913 deren
330 1883 511 1920 Schedeln,
560 1884 775 1928 ohngeachtet
804 1889 853 1917 sie
886 1898 951 1919 von

194 1937 318 1980 jungen
337 1940 509 1982 Subjecten
533 1949 643 1987 waren,
667 1944 736 1980 sich
757 1945 840 1976 dach
857 1946 952 1978 keine

192 1988 279 2030 Spur
304 1992 411 2023 dieses
428 1992 607 2024 Knochens
624 2001 792 2026 erkennen
807 2001 888 2027 licfs,
908 2015 951 2021 —

872 2071 951 2102 Man

98 2085 975 2107 E
