1700 2686
720 428 771 464 26
1045 441 1085 467 IL.
1103 436 1272 469 Abschnitt

1089 536 1119 573 $.
1146 539 1218 575 IS

789 594 867 627 Die
909 592 1002 625 eben
1044 593 1250 640 gedachten
1283 595 1446 633 vordern
1476 595 1589 647 fora-

717 662 816 690 mina
853 661 1017 704 palatina
1053 659 1162 704 (oder
1198 659 1359 705 incisiua)
1394 661 1483 699 sìnd
1515 664 1614 710 bey
1596 665 1617 703 -

718 725 794 753 den
806 724 998 755 mehrsten
1016 722 1299 772 Säugethieren,
1312 736 1355 759 s0
1377 726 1453 763 wie
1473 726 1589 771 beym

1359 790 1586 836 Menschen,

830 908 911 936 Man
929 907 1043 935 müſste
1060 907 1148 936 denn
1165 907 1360 943 annehmen,
1383 907 1450 941 daſs
1469 920 1504 942 er
1521 910 1585 952 bey

831 966 917 993 allen
938 961 1051 994 diesen
1060 963 1206 996 Thieren
1222 965 1325 997 schon
1346 967 1382 997 in
1396 966 1503 999 ihrem
1521 977 1582 999 un-

829 1021 937 1048 reifen
977 1019 1066 1050 Alter
1106 1027 1188 1059 ganz
1228 1023 1440 1055 verwachsen
1481 1026 1581 1060 wäre,

830 1086 931 1103 wenn
947 1076 1054 1115 gleich
1067 1074 1120 1106 die
1140 1075 1278 1117 übrigen
1291 1075 1583 1114 Schedelknochen

828 1137 916 1161 noch
939 1133 1014 1162 aufs
1035 1132 1230 1166 deutlichste
1261 1135 1334 1168 ihre
1361 1136 1506 1170 Suturen
1533 1147 1583 1177 er-

825 1197 937 1229 halten
955 1197 1081 1228 hätten.

882 1246 980 1278 Auch
996 1247 1060 1284 bey
1080 1245 1316 1280 verschiednen
1340 1248 1579 1291 Säugethieren
1592 1270 1600 1274 -

824 1313 880 1328 aus
905 1304 1029 1331 andern
1040 1302 1244 1340 Ordnungen
1256 1323 1264 1335 ,
1282 1306 1484 1337 namentlich
1499 1305 1577 1337 dem

825 1359 1002 1397 Bradypus
1034 1356 1233 1401 tridactylus
1267 1361 1335 1392 und
1375 1361 1577 1404 Fespertilio

817 1415 952 1454 ferrum
973 1414 1141 1452 equinum,
1164 1414 1288 1447 konnte
1304 1417 1388 1449 Herr
1401 1417 1577 1453 Bibliothe-

822 1472 880 1500 kar
902 1472 1048 1501 FrscHeER
1070 1470 1167 1502 keine
1190 1469 1274 1513 Spur
1293 1473 1349 1505 des
1371 1474 1576 1508 Intermaxil-

822 1528 886 1559 lar-
910 1528 1048 1559 Knochen
1080 1527 1260 1563 auffinden,
1311 1541 1336 1562 6s.
1366 1531 1460 1566 Dess,
1488 1533 1574 1566 oben

820 1587 1015 1624 angeführte
1037 1582 1262 1617 meisterhafte
1279 1584 1518 1629 Monographie
1539 1587 1573 1621 S8,

823 1651 873 1677 41.
891 1644 944 1679 89.
986 1643 1081 1675 Doch
1105 1644 1193 1683 giebt
1219 1653 1254 1673 er
1275 1646 1378 1677 selbst
1399 1647 1453 1678 die
1478 1646 1576 1690 Mög-

819 1704 953 1727 lichkeit
971 1710 1031 1729 zu,
1054 1700 1122 1726 daſs
1144 1697 1347 1738 wenigstens
1366 1697 1465 1740 beym
1482 1701 1573 1733 Faul

820 1761 907 1782 thier
938 1758 1030 1790 jener
1058 1753 1222 1786 Knochen
1247 1753 1473 1798 loſsgestaſsen
1502 1758 1571 1790 und

818 1818 971 1840 verloren
988 1821 1154 1848 gegangen
1177 1819 1257 1850 secyn
1275 1811 1397 1844 könne.
1412 1830 1448 1837 —
1465 1813 1570 1850 Kurz,

818 1874 880 1899 alle
892 1872 949 1895 die
961 1867 1178 1908 angeführten
1189 1868 1398 1902 Ausnahmen
1407 1870 1569 1906 bedürfen

819 1937 885 1952 erst
898 1929 985 1953 noch
993 1925 1143 1954 weiterer
1159 1933 1299 1966 genauer
1314 1925 1568 1968 Unterguchung

814 1996 857 2009 an
887 1985 1042 2009 mehrern
1067 1982 1159 2010 recht
1188 1981 1430 2023 vollständigen
1453 1984 1569 2016 Exem-

813 2047 925 2074 plaren
962 2051 1019 2066 aus
1057 2039 1295 2071 verschiednen
1331 2037 1570 2083 Lebensperio-

806 2108 871 2140 den
887 2118 918 2140 u,
933 2118 959 2141 8.
975 2118 1018 2141 Ww.

1660 340 1669 352 /
