1844 2888
0 206 202 274 e
0 249 199 353 iztn
0 335 168 420 n
0 653 108 744 tlen
0 750 124 819 n.
0 816 154 929 ſetit
0 925 154 1035 mahl
0 1008 152 1128 liſen
0 1114 151 1226 es ih
0 1211 146 1324 ⸗
567 201 1114 280 0 (17) 8
294 281 1352 394 Als nun der Komg ward geſtochen
293 374 1466 473 Bekam der Hund eins an den Knochen:
290 449 1204 549 Damit verfluchte ſie die Kegel
273 530 1373 632 Und hieß den Schieber einen Flegel.
220 616 1561 739 XV. Bey ſo beſtalten Sachen / halte ich
209 693 1545 801 dieſe Vermehrung derReime vor uͤberflin⸗
208 771 1555 885 ſig / und werde mir nicht die Muͤhe neh⸗
206 850 1559 953 men / dieſelben dem nachfolgenden Reim⸗
205 926 993 1025 Regiſter einzuverleiben.
219 1010 1530 1109 XVl. Was die Verſetzung der Reime be⸗
204 1083 1553 1193 trifft / ſo haben ſich vor weniger Zeit eute
202 1156 1537 1269 gefunden / welche den Reim lieber zum An⸗
200 1244 1553 1352 fange / als zum Ausgange der Zeilen ha⸗
200 1318 1099 1415 ben gebrauchen wollen. z. e.
218 1398 1172 1480 1. Richret niemals fremde Verſe /
297 1458 1041 1533 Tichtet lieber etwas beſſers.
288 1522 339 1575 2.
362 1516 1087 1590 Laſt die Tugend ungetadelt /
362 1574 968 1647 Zaßt hingegen alle Laſter.
284 1635 329 1689 3
362 1633 1197 1703 Laſter ſind der Seelen Wunden /
434 1689 1115 1762 Ja ſie bringen gar den Todt:
337 1744 1160 1823 Pflaſter aber ſind die Spruͤche /
384 1807 1179 1883 Da uns GOtt zur Buſſe rufſt.
212 1874 1541 1983 xVII. Nun wil ich zwar dem Erfinder
192 1947 1539 2058 die Ehre der curiolitat nicht diſputirlich
190 2029 1523 2134 machen: Doch weil ich zur Zeit nicht ſehe /
187 2107 1533 2210 was bey ſolcher Art dem Schreiber oder
186 2183 1529 2290 dem Leſer vor ein Vortheil zuwaͤchſt / ſo be⸗
189 2258 1147 2367 gehre ich keine nachzumachen.
226 2333 1531 2436 XVII. Wolte man vorwenden daß der
184 2407 1526 2544 Vers ſolcher geſtalt um ſo viel deſto kuͤnſt⸗
753 2506 1527 2602 b licher
0 2309 88 2389 en /
0 2407 100 2471 t
1724 2565 1767 2619 1
