2790 4041
224 413 334 425 ie

765 352 1004 422 Scchfies
1015 354 1197 421 Buch/
1232 356 1450 416 Blumen
1461 384 1484 409 -
1498 357 1709 417 Sarten,

2115 356 2267 435 85
2241 356 2267 435 |

297 441 334 474 P,
346 445 556 500 Auguftinus
566 428 769 483 Mandirola
785 450 913 489 Wwill/es
928 447 1024 497 follen
1036 449 1070 488 in
1077 444 1218 492 Gärten

220 483 314 538 ideen
322 487 418 542 Pläs
429 494 646 554 abgeföndert
657 496 747 545 feyn/
756 498 809 552 ein
816 503 907 554 gank
917 498 1039 546 freyer/
1047 508 1152 547 gegen
1163 502 1219 540 der

223 542 361 579 Sinnen
371 553 384 582 /
398 553 454 582 um
465 545 498 585 in
509 545 693 596 Frülings-
700 547 816 596 Zeiten
828 552 879 588 die
895 547 1134 597 inSefchirren
1147 551 1216 590 und

209 578 359 629 [denen
375 588 538 644 Sefäffen
557 596 701 646 ftehende
712 592 900 646 Semächfe
917 600 1032 638 Ddarein
1047 607 1084 646 zu
1101 597 1217 646 feben./

216 630 276 668 And
292 636 374 684 defto
394 643 492 691 beffer
507 641 561 693 für
579 646 635 685 der
660 644 851 695 fehaurigen
867 647 955 695 Lufft
970 657 1008 702 zu
1023 646 1216 706 bemabhren,

220 673 293 728 Der
303 691 423 739 Andere
430 692 527 743 )Mlak
537 693 590 743 füll
606 687 760 750 fchatticht
775 687 842 750 feyn
855 709 876 738 7
884 706 940 737 um
952 698 1003 737 die
1010 692 1215 762 Servächfe,

220 731 257 784 im
282 736 383 785 beiffen
392 741 572 785 Sommer
588 746 721 792 dafelbft
730 754 766 793 zu
778 748 944 794 erhalten
938 731 948 799 7
961 749 1034 799 und
1051 749 1104 793 für
1112 749 1214 788 übers

219 771 341 830 füfiger
350 790 503 834 Sonnen
530 795 594 843 Dig
608 795 695 845 defto
703 793 855 845 füglicher
864 808 902 846 zu
910 797 1100 853 verficherm.
1143 799 1212 847 Sft

217 832 287 869 Aber
298 842 406 887 etivan
426 844 480 883 ein
494 844 590 886 Drit
580 832 594 896 ,
604 848 659 886 der
667 854 761 894 zwar
772 845 976 895 gelegenfum
989 848 1008 893 C
1015 856 1078 886 mie
1088 850 1211 896 gemelz

220 872 289 928 det)
308 882 487 936 Täge/aber
505 895 609 943 nichts
628 898 808 944 taugliches
827 899 907 937 oder
924 903 1022 951 gutes
1035 908 1057 953 7
1074 897 1211 944 fündern

220 929 314 986 (van
326 943 477 990 moraftig
487 938 605 985 wäre,
623 946 660 995 it
675 947 850 994 derfelbige
868 946 989 996 erftlich
1001 952 1063 1002 mit
1071 946 1219 1003 Sand,

262 983 320 1022 fein
338 993 405 1029 und
426 992 541 1040 grober
560 994 698 1038 Erden
719 997 787 1036 und
800 994 933 1044 darauf
940 995 1136 1046 Knie-tieff
1144 1005 1219 1042 mit.

338 1445 456 1496 Buch
466 1450 794 1504 allbereitQinregung
807 1445 967 1504 gefehehen
983 1445 1052 1504 will
1063 1457 1131 1504 ichs
1143 1458 1207 1496 all

353 1497 420 1544 hier
439 1498 523 1544 Ddefto
535 1496 651 1553 Fürger
661 1501 799 1549 machen
813 1514 826 1542 /
843 1506 909 1542 und
924 1505 1038 1551 indem
1050 1507 1205 1547 die-Kiele
1216 1542 1219 1546 ;

220 1534 273 1582 UNd
282 1539 453 1586 Blumen:
463 1546 648 1595 Servächfe
659 1549 932 1598 unterfchiedener
941 1552 1105 1598 Naturen
1117 1565 1133 1594 7
1157 1561 1205 1592 etz

220 1570 280 1643 liche
291 1588 403 1636 fettes
393 1584 402 1651 /
412 1596 519 1642 etliche
532 1604 668 1645 magers
678 1598 835 1647 Erdreich
848 1602 955 1647 haben
966 1604 1083 1642 wollen
1138 1604 1218 1651 Ale

221 1625 291 1686 Öif
305 1651 365 1701 am
371 1644 554 1692 ficherftenv
562 1648 622 1686 des
635 1648 969 1695 Blumen-Sartens
978 1653 1122 1696 Grunde
1140 1651 1218 1701 feye

250 1688 450 1745 ftelmäffig
441 1688 458 1749 3
476 1695 558 1745 ifter
574 1705 635 1745 gar
653 1708 689 1757 31
704 1702 788 1746 gail/
800 1698 832 1749 fü
852 1702 947 1751 feßen
966 1704 1017 1742 die
1029 1702 1208 1751 Pflanken

222 1724 308 1777 farcf
316 1750 351 1789 zu
366 1744 521 1794 /machen
537 1748 603 1788 viel
610 1747 755 1792 Blätter
771 1753 840 1790 und
857 1753 963 1801 menig
972 1753 1154 1799 Blumen.
1178 1750 1210 1802 fü

222 1777 306 1832 flegt
316 1795 396 1839 Auch
404 1793 661 1839 das-Kieliverck
676 1800 752 1839 bald
763 1803 921 1858 darinnen
935 1814 970 1851 zu
981 1804 1119 1855 faulen;
1144 1805 1209 1853 Sft

224 1833 290 1873 Aber
302 1839 356 1892 der
368 1843 494 1887 Grund
508 1856 569 1893 gar
578 1855 616 1895 zu
633 1845 712 1889 Dürr
727 1851 793 1889 und
804 1851 967 1903 unfäfftig
980 1865 991 1895 /
1008 1855 1032 1900 fo
1041 1854 1106 1895 Fan
1116 1863 1149 1895 er
1157 1857 1211 1895 die

223 1929 231 1944 St
263 1888 444 1943 pflegung
454 1895 533 1941 nach
544 1893 800 1945 Senügennicht
813 1888 917 1952 leiften
930 1912 944 1951 5
969 1905 1112 1952 iftgleich
1124 1907 1212 1944 einer

224 1921 347 1980 Ammen
403 1944 503 2001 deren
528 1936 641 2001 Brüfßte
661 1949 847 1994 verfeigen
843 1936 857 2001 /
869 1957 970 1990 mann
987 1951 1033 1999 fie
1049 1953 1100 1991 ein
1116 1953 1211 1993 Kind

234 1985 328 2030 Algen
340 1992 408 2032 und
430 1994 589 2040 ernähren
603 1995 719 2042 follen/
735 1998 855 2049 darum
864 2002 950 2039 alles
962 2000 1046 2040 Hein
1054 2002 1120 2042 und
1131 1998 1214 2043 dürr

278 2033 450 2092 Den
347 2033 361 2098 /
378 2033 439 2092 ud
462 2043 584 2092 lestlich
593 2054 657 2093 gar
672 2046 850 2087 verderben
862 2049 962 2098 muß.

250 2096 381 2154 „Bon
397 2105 477 2147 dem
486 2106 615 2150 Grund
635 2116 674 2156 zu
685 2109 748 2149 den
757 2109 940 2157 Welfchen
948 2105 1120 2156 Bäunen
1130 2109 1215 2162 fingt

224 2126 283 2203 Joh,
297 2147 311 2194 J
313 2154 462 2202 Ovianus
469 2160 650 2195 Pontanus
660 2160 924 2208 Neapolitanus
938 2162 998 2199 lib.
1008 2175 1034 2199 1.
1045 2161 1214 2214 Hefperi-

226 2182 283 2240 dum
301 2196 392 2249 alfos

296 2262 494 2302 —-Putres
513 2264 638 2314 glebx,
656 2261 793 2317 qu@qu&
816 2276 955 2319 zquora
977 2268 1094 2309 taßtris

220 1379 451 1530 1
468 1404 533 1439 von
544 1399 619 1440 dem
631 1399 760 1444 Srund
773 1404 820 1443 im
828 1401 974 1445 vierdten
988 1407 1051 1445 und
1058 1401 1206 1456 Fünfften

647 2377 741 2414 rem,

306 2406 384 2449 Nec
394 2412 482 2451 mihi
499 2412 680 2465 difpliceat
697 2416 862 2457 falebrofi
875 2418 993 2469 glarea
1004 2420 1114 2465 ruris,

304 2455 469 2513 Quazqu®
488 2463 560 2502 flo
572 2468 667 2504 tenui
681 2469 832 2516 graciles
845 2471 1005 2507 imitatur
1016 2481 1139 2506 arenas
1150 2480 1162 2507 :

306 2507 465 2551 Simodö
477 2514 565 2565 fzpe
580 2514 666 2554 fimo
677 2517 858 2568 (pargas,fi
875 2523 1025 2570 pronior
1037 2522 1130 2558 unda

291 2560 431 2610 Diluat
446 2564 517 2614 ipfa
538 2565 664 2615 fuper
651 2560 669 2619 ,
684 2564 844 2619 Jetusque
860 2560 999 2619 inftillet
1011 2579 1052 2607 ut
1063 2571 1188 2609 Imber.

224 2643 246 2683 f
290 2609 379 2657 Biel
391 2619 461 2668 find
472 2622 529 2663 der
537 2623 719 2671 Meynung
728 2634 747 2665 7
762 2626 811 2667 die
817 2625 901 2676 befte
908 2627 1025 2671 Erden
1033 2629 1104 2676 fey7
1113 2630 1165 2670 die
1179 2632 1213 2670 in

224 2656 313 2735 "ii
322 2665 464 2722 Kuchen
497 2672 636 2726 Garten
652 2673 748 2722 fehon
766 2677 819 2716 ein
830 2677 929 2726 Jahr
942 2683 1101 2727 getragen
1111 2689 1137 2739 7
1149 2681 1214 2732 daß

241 2708 292 2787 N
306 2719 370 2757 Mit
387 2720 582 2775 derfelbigen
604 2724 665 2762 den
692 2723 865 2780 Blumen:
887 2727 1012 2772 Sarren
1029 2730 1214 2777 befehütte
1202 2715 1214 2786 /

224 2800 264 2837 ger
294 2753 366 2820 men
375 2769 425 2811 die
432 2770 570 2820 Dunge
582 2767 674 2820 fchon
686 2772 747 2822 fich
758 2777 820 2815 mit
834 2777 908 2818 dem
918 2778 1068 2823 Grunde
1077 2784 1218 2823 vereiniz

274 2800 345 2863 hatz
353 2820 423 2870 und
439 2823 537 2861 deren
551 2823 627 2867 rohe
645 2821 707 2863 Art
718 2827 780 2863 und
793 2825 933 2874 ftarcker
941 2829 1099 2879 Geruch
1090 2815 1104 2879 7
1117 2835 1215 2878 durch

257 2858 367 2917 ier
357 2858 367 2926 /
382 2867 504 2920 Regen
517 2872 583 2913 und
593 2871 850 2924 Sonnenfehein
867 2880 1041 2926 gemildert
1058 2883 1126 2923 und
1140 2890 1216 2925 ver

223 2893 307 2946 Wbret
323 2910 381 2962 if.

220 2968 277 3050 ken
285 2964 420 3019 Warn
430 2978 480 3021 die
489 2980 582 3025 Erde
590 2988 624 3030 3u
625 2985 693 3038 gut
701 2980 904 3033 ift/Faugt
866 2976 912 3042 fie
913 2987 1008 3035 mehr
1015 2986 1080 3029 den
1087 2987 1213 3036 Aue

279 3016 345 3058 Und
353 3024 503 3071 Zwibeln
514 3031 674 3079 Beyfabe
699 3033 767 3070 als
779 3033 981 3084 Blumen
941 3027 976 3092 zu
993 3037 1116 3090 geben;
1127 3042 1164 3092 ift
1171 3041 1212 3091 fie

223 3090 250 3132 da
276 3063 385 3125 blecht
395 3088 410 3133 /
427 3074 460 3128 fü
469 3079 566 3120 bleibt
582 3082 667 3121 alles
679 3080 795 3127 ftecken
813 3091 821 3122 7
835 3085 954 3125 darum
965 3097 981 3125 /
989 3088 1055 3128 wie
1066 3091 1145 3131 uben
1157 3104 1212 3140 ges

219 3116 322 3208 Sin
332 3123 368 3179 ft
378 3126 449 3172 hier
459 3133 533 3180 das
544 3131 667 3173 Mittel
675 3139 712 3179 zu
724 3133 883 3187 ertwehlen
899 3144 912 3184 ;
937 3137 1038 3184 daher
1048 3148 1131 3181 man
1151 3145 1212 3181 den

220 3162 291 3255 Ge
313 3167 350 3211 de
359 3176 448 3222 (wie
460 3179 519 3226 bey
536 3182 601 3221 dem
620 3180 754 3229 Feldbau
771 3188 819 3221 im
832 3181 1004 3230 fiebenden
1034 3163 1119 3242 Buch
1128 3193 1212 3233 wird

219 3246 279 3293 ins
291 3214 337 3263 st
347 3229 505 3277 werden
492 3214 509 3293 )
518 3233 656 3279 vorhero
667 3231 821 3279 prbiren
831 3232 911 3274 Fan
920 3236 1028 3290 davon
1042 3244 1077 3276 P.
1087 3243 1209 3278 Ferra-

226 3289 285 3344 fü
295 3262 333 3306 in
341 3272 440 3316 Flora
450 3278 512 3316 {ua
529 3282 589 3318 lib.
605 3292 631 3320 x.
643 3295 720 3331 cap.
733 3289 762 3319 6.
771 3281 842 3331 lfd
853 3282 1003 3333 fchreibet
1030 3294 1033 3328 +
1058 3288 1210 3339 Exprel-

226 3339 254 3383 6
293 3308 448 3378 Parentis
457 3332 671 3380 Exemplum
682 3333 757 3369 Filii
770 3332 859 3369 funt.
909 3337 941 3370 Si
954 3338 1080 3383 plantz
1100 3343 1209 3379 deco-

287 3371 511 3432 %exilesque
522 3382 740 3429 aboriantur,
750 3394 922 3431 macram
905 3377 919 3439 3
947 3384 972 3423 fi
984 3389 1210 3439 viridifime,

1244 456 1300 490 tes
1314 453 1386 490 und
1404 451 1664 513 unfruchtbares
1673 453 1835 504 Erdreich
1852 453 1949 505 hatte
1962 469 1978 499 ,
2004 461 2070 502 Fan
2087 471 2173 503 man
2192 466 2256 508 den

1242 500 1345 549 Plas
1370 500 1540 558 Kniertieff
1550 502 1735 558 defhutten
1750 506 1811 554 mit
1824 512 1916 553 guter
1935 508 2038 552 Acker
2056 514 2132 551 vder
2141 515 2255 558 Wie

1243 550 1454 599 Yen-Srden/
1465 553 1498 591 in
1505 554 1568 591 den
1576 553 1688 603 Form
1697 552 1896 605 abhängicht
1904 559 1985 598 wder
1996 558 2091 600 ebenz
2102 563 2164 602 wie
2174 574 2256 606 man

1246 602 1299 646 ibn
1314 600 1412 649 haben
1433 600 1513 660 will)
1527 604 1603 650 doch
1614 604 1741 653 daß
1692 600 1748 660 die
1748 605 1864 648 Srden
1879 608 1987 656 vorher
1998 610 2060 650 ivol
2076 613 2254 660 durcharaz

1242 650 1328 691 ben/
1344 658 1414 690 von
1427 649 1513 713 allen
1544 649 1690 713 Wurgen
1708 665 1726 694 /
1740 656 1899 701 Steinen
1919 660 1992 698 und
2013 660 2162 701 Unkraut
2187 664 2259 713 auf

1241 702 1309 740 das
1321 702 1575 751 allergenauefte
1588 704 1766 754 gereiniget
1789 705 1839 754 fey
1851 715 1872 746 7
1902 709 1971 747 und
1984 707 2104 758 folches
2128 712 2181 756 fol
2204 714 2252 753 im

1239 751 1371 799 «Herbft
1383 749 1581 798 gefchehen?
1598 753 1710 793 Damit
1729 749 1784 808 der
1808 749 1918 808 Grund
1934 764 2002 797 von
2017 760 2072 799 der
2082 760 2250 804 Winter

1238 800 1391 848 feuchten
1402 802 1467 840 und
1473 799 1614 849 Sefrier
1620 804 1803 850 gemildert
1811 806 1881 854 und
1892 805 2085 857 befeuchtet/
2093 812 2177 859 dev
2193 811 2250 852 bez

1237 857 1375 898 quemer
1396 847 1531 890 Fomme
1552 858 1568 890 7
1596 849 1635 904 fo
1655 852 1722 893 Fan
1744 853 1817 904 auf
1832 854 2004 904 folgenden
2031 854 2175 910 SFrüling
2200 864 2250 903 die

1241 899 1467 948 Yustheilung
1480 898 1570 954 defto
1585 901 1741 950 beffer
1700 898 1741 955 an
1755 904 1811 944 die
1818 905 1938 954 Hand
1947 918 2145 955 genommen
2163 920 2249 952 werz

1238 951 1320 990 den.
1360 949 1456 991 Bor
1464 950 1555 999 allen
1563 950 1598 996 ft
1615 949 1695 1008 auch
1703 949 1800 1008 dahin
1808 964 1845 1002 zu
1856 954 1948 1002 fehen
1955 968 1971 997 /
1980 958 2046 1008 daß
2056 959 2125 1000 Fein
2133 962 2250 1004 Mans

300 2308 420 2350 Molle
433 2313 554 2353 fonent
565 2343 579 2362 ,
592 2313 753 2355 Auidum
762 2317 868 2357 facil?
883 2320 1078 2360 admiffura
1089 2324 1212 2373 1iquo-

1242 998 1292 1049 gel
1315 1006 1352 1038 ah
1356 996 1507 1048 YWaffer
1514 992 1592 1048 fen?
1604 1001 1757 1050 welches
1766 1008 1862 1043 unter
1873 1005 1929 1044 Die
1947 1008 2173 1057 vornehmften
2185 1012 2249 1055 Cie

218 1027 342 1092 emlich
357 1047 448 1086 guter.
465 1043 521 1082 und
531 1043 788 1094 mittelmäffiger
796 1046 964 1101 Feldzund
975 1045 1220 1104 Acfer-Srden
1220 1041 1240 1111 |
1238 1047 1465 1098 genfchafften
1481 1050 1576 1092 eines
1592 1045 1730 1100 fihönen
1748 1053 1818 1095 und
1832 1053 2001 1104 zierlichen
2025 1057 2190 1104 Gartens
2210 1070 2250 1111 zu

201 1132 208 1185 |
218 1077 249 1117 3
260 1081 402 1134 erfüllen,
416 1093 493 1136 oder
500 1102 608 1137 wann
618 1105 649 1138 er
655 1094 850 1146 fteinichtes,
859 1094 1214 1147 fandichtes/(aimiche
1226 1059 1399 1154 [eechnen,

1075 1204 1243 1260 Car.
1304 1203 1370 1258 V.

719 1285 879 1350 Wom
901 1287 1082 1353 Srund
1098 1294 1181 1355 des
1230 1286 1439 1354 Blumen
1458 1285 1719 1359 -Sartens,

1239 1401 1413 1456 folitoque
1423 1404 1618 1447 foliofiores
1629 1409 1815 1449 Iuxurient
1848 1412 2110 1465 ,przpinguem;
2135 1416 2161 1453 fi
2172 1428 2251 1455 mo-

1245 1453 1322 1492 dic&
1336 1456 1491 1503 carnofe
1506 1484 1518 1501 ,
1541 1454 1740 1509 feffilesqu&
1757 1460 1934 1511 affurgunt
1956 1490 1963 1510 „
1984 1475 2251 1517 attemperatam

1239 1502 1469 1553 habilemque
1485 1503 1632 1545 Aoribus
1643 1509 2014 1560 Humumffignificant.

1316 1548 1403 1597 Dlfo
1417 1553 1504 1600 auch
1517 1560 1625 1594 wann
1642 1557 1789 1601 mandie
1800 1557 1916 1601 Erden
1925 1560 1974 1600 im
1984 1560 2136 1611 ABaffer
2145 1572 2254 1613 3er000

1238 1600 1304 1650 hen
1315 1595 1420 1650 läffetr
1428 1604 1546 1642 undes
1558 1603 1630 1651 gibt
1637 1605 1699 1644 viel
1707 1604 1898 1653 Schleim
1907 1610 1964 1656 ifts
1973 1611 2159 1663 einfettes
2150 1595 2165 1663 ;
2181 1615 2255 1661 gıbt

1240 1656 1281 1691 es
1289 1651 1399 1698 twenig
1409 1660 1424 1691 /
1435 1647 1494 1701 ft
1507 1652 1581 1710 eine
1593 1660 1734 1701 Magere
1746 1654 1866 1710 Erden
1877 1662 1895 1707 3
1920 1660 2022 1717 daher
2033 1664 2114 1711 auch
2125 1664 2177 1702 die
2187 1668 2255 1703 aus

1243 1701 1308 1742 den
1329 1699 1463 1758 Kraut;
1470 1701 1611 1745 Garten
1623 1711 1843 1757 genommene
1857 1708 1951 1751 Erde
1965 1709 2023 1758 für
2036 1712 2087 1752 die
2094 1712 2256 1755 Blumen

1242 1761 1304 1792 am
1315 1747 1526 1809 täuglichften
1538 1754 1694 1802 gehalten
1709 1754 1809 1797 wird.
1858 1759 1978 1811 Sonft
1994 1762 2050 1809 hat
2063 1764 2153 1811 alles
2163 1752 2257 1808 Erdz

1244 1802 1329 1850 Teich
1355 1803 1628 1853 unterfchiedliche
1644 1805 1757 1859 Bette
1785 1809 1855 1849 und
1872 1809 1980 1859 Lager
2009 1811 2228 1863 aufeinander
2241 1824 2258 1855 /

1237 1853 1317 1896 ‚und
1335 1853 1455 1901 welche
1470 1853 1587 1896 Erden
1603 1854 1689 1896 vben
1708 1856 1765 1904 her
1783 1860 1875 1900 einen
1895 1863 1974 1902 oder
1986 1870 2092 1910 zmween
2108 1863 2261 1914 Schuhe

1248 1901 1317 1943 dick
1323 1909 1424 1949 guten
1437 1903 1564 1945 Grund
1570 1905 1649 1950 hat
1661 1907 1711 1944 die
1719 1907 1758 1954 ht
1768 1914 1828 1954 gut
1843 1916 1879 1956 zu
1890 1911 1953 1949 den
1961 1906 2188 1960 Gewächfen.

1329 1951 1428 1999 Herr
1451 1951 1560 2000 Peter
1576 1950 1724 1995 Sabriel
1743 1967 1756 1995 ,
1780 1952 1903 2006 Fürftl.
1921 1956 2261 2011 Würtenbergifcher

1247 1999 1607 2056 Sarten/Infpedtor
1622 2028 1637 2045 ,
1658 2003 1700 2060 in
1718 2002 1839 2060 feinem
1863 2009 2081 2055 allgemeinen
2101 2009 2260 2056 Gärtner

1247 2049 1344 2093 Cap.
1358 2061 1391 2096 3.
1401 2049 1476 2096 fagt
1489 2057 1503 2089 ;
1526 2046 1607 2093 Die
1619 2053 1847 2101 untäuglichen
1857 2053 2008 2101 Gründe
2026 2067 2101 2109 zum
2120 2060 2261 2107 Sarten

1247 2097 1386 2146 bequem
1406 2106 1443 2147 zu
1455 2099 1609 2150 machen,
1627 2107 1738 2141 twann
1748 2102 1790 2150 fie
1800 2113 1837 2152 zu
1848 2105 1927 2153 hart
1943 2109 2009 2148 ımd
2026 2108 2143 2158 fehiver
2162 2112 2230 2160 find
2243 2124 2260 2154 /

1249 2146 1333 2198 muß
1345 2148 1485 2206 man
1493 2148 1642 2189 fiearbeiten
1654 2151 1719 2189 und
1734 2151 1857 2192 bauen.
1903 2154 2041 2199 Yann
2060 2158 2102 2208 fie
2114 2168 2152 2209 zu
2170 2162 2263 2209 leicht

1248 2196 1590 2249 find/verhäarten;
1554 2196 1585 2257 fü
1601 2197 1691 2250 fie
1662 2196 1697 2257 zu
1703 2208 1819 2251 mager
1830 2213 1847 2243 /
1855 2204 1985 2251 dungen
1995 2216 2008 2255 s
2023 2205 2056 2255 fo
2067 2207 2107 2256 fie
2117 2219 2155 2257 zu
2167 2208 2260 2257 fette

1226 2251 1228 2255 |
1264 2256 1365 2297 mager
1388 2248 1507 2289 werden
1523 2249 1655 2303 Jaffen
1644 2248 1659 2315 5
1680 2252 1712 2299 fü
1723 2250 1767 2301 fie
1782 2248 1816 2315 zu
1828 2251 1964 2302 feucht
1958 2248 1973 2315 /
1977 2252 2200 2315 Ausdörren
2186 2248 2201 2315 }
2225 2260 2259 2305 fo

1226 2304 1228 2307 |
1248 2296 1563 2396 ne
1725 2301 1761 2349 To
1789 2312 1816 2341 fie
1828 2311 1868 2352 zu
1887 2303 1954 2345 Falt
1961 2314 2199 2358 erwärmen;
2225 2309 2258 2355 fü

1249 2347 1292 2386 Yie
1313 2356 1345 2394 zu
1353 2353 1487 2394 warm
1474 2346 1488 2406 ,
1505 2346 1677 2397 erfrifhen
1704 2354 1711 2399 5
1737 2354 1877 2400 melches
1890 2356 1954 2394 mit
1976 2346 2039 2406 dem
2061 2346 2134 2406 Mifk
2145 2364 2258 2398 unters

1226 2404 1228 2406 |
1252 2395 1445 2444 fehiedlicher
1456 2394 1587 2442 hier
1580 2394 1594 2456 /
1602 2398 1682 2437 wer
1695 2400 1791 2448 durch
1801 2399 2048 2453 Bermifchung
2063 2407 2155 2456 eines
2171 2408 2257 2453 Bos

1251 2444 1334 2501 Dens
1347 2443 1406 2482 mit
1416 2443 1492 2484 dem
1506 2443 1638 2484 andern
1657 2444 1827 2498 gefchehen
1844 2446 1921 2492 Fan,
1941 2451 2013 2496 Ein
2024 2452 2258 2508 vernünfftiger

1252 2493 1409 2538 Särtner
1429 2495 1520 2534 1vels
1536 2494 1617 2543 Auch
1630 2499 1726 2538 unter
1742 2500 1804 2539 den
1821 2499 1975 2550 Ztwibeln
1992 2507 2062 2545 und
2074 2503 2258 2564 QBurken

1226 2543 1227 2547 {
1252 2548 1307 2585 der
1318 2541 1601 2592 Blumenkdiefen
1621 2546 1827 2597 Unterfchied
1843 2559 1880 2599 zu
1894 2552 2033 2603 machen
2054 2565 2068 2598 /
2093 2559 2160 2611 daß
2177 2557 2258 2613 diefe

1253 2596 1301 2635 ein
1315 2592 1414 2642 fettes
1427 2603 1444 2634 /
1463 2594 1532 2642 Jene
1546 2594 1617 2635 aber
1639 2598 1690 2638 ein
1707 2600 1834 2654 leichtes
1848 2602 1917 2643 und
1934 2606 2090 2656 Geringes
2098 2609 2258 2660 Erdreich

1250 2646 1451 2690 verlangen?
1468 2647 1568 2695 darzu
1582 2647 1668 2694 Auch
1684 2650 1737 2689 die
1745 2650 1996 2704 VBerneuerung
2016 2657 2168 2702 Fommen
2186 2662 2257 2712 fl

1227 2726 1229 2729 |
1252 2695 1320 2744 daß
1332 2699 1415 2734 man
1426 2696 1488 2735 alle
1495 2696 1563 2736 bier
1573 2696 1672 2747 Fahr
1680 2699 1730 2739 die
1737 2699 1855 2744 Erden
1865 2710 1929 2744 aus
1938 2706 2042 2753 jedem
2053 2709 2163 2755 Bette
2171 2716 2258 2755 einer

1251 2745 1433 2793 CSpannen
1450 2744 1525 2798 tief
1532 2746 1655 2795 heraus
1665 2751 1811 2794 nimmt
1801 2744 1820 2807 /
1822 2755 1889 2795 und
1900 2753 2163 2807 feifchenSrund
2172 2764 2256 2806 wies

1252 2798 1308 2838 der
1317 2796 1428 2844 hinein
1440 2794 1567 2845 fehltte.
2065 2848 2073 2854 N

1329 2844 1417 2892 Der
1426 2843 1677 2908 alteSyoländer
1713 2845 1849 2894 mantel
1856 2854 2032 2894 Swertius
2046 2852 2151 2905 räthet
2180 2869 2256 2908 man

1248 2893 1344 2946 follin
1352 2900 1407 2957 die
1409 2897 1521 2939 Erden
1531 2900 1597 2937 eine
1611 2893 1762 2961 ziemliche
1771 2901 1914 2957 Sruben
1921 2905 2078 2955 machen;
2087 2906 2257 2968 folengit

1248 2953 1343 2995 guten
1362 2947 1568 2995 Kübe-Mift/
1576 2947 1641 3002 und
1651 2954 1746 2995 guter
1758 2949 1944 2999 fhiwarken
1958 2956 2075 3002 Erden
2091 2960 2255 3014 anfüllen

1249 2998 1315 3034 und
1327 2998 1576 3043 untereinander
1585 2998 1720 3052 mifchen
1735 3005 1747 3039 /
1754 2999 1821 3041 und
1837 3004 1910 3045 alfo
1927 3007 1977 3048 ein
1985 3009 2084 3059 Fahr
2093 3013 2176 3062 ligen
2186 3010 2253 3062 lafı

1247 3041 1316 3093 fen/
1325 3044 1387 3091 offt
1396 3044 1474 3101 aber
1481 3049 1731 3103 untereinander
1743 3058 1883 3102 mengen
1894 3067 1911 3096 /
1923 3057 1957 3106 fo
1969 3056 2079 3102 werde
2091 3070 2174 3104 man
2189 3071 2253 3111 Ouz

1248 3101 1300 3133 ten
1311 3094 1636 3145 Srumdbefommen
1646 3104 1662 3147 5
1685 3096 1717 3147 fü
1727 3103 1957 3161 zweifelsohne
1975 3094 2061 3161 nicht
2078 3118 2140 3152 vom
2155 3112 2252 3156 Kiel

1242 3142 1347 3184 wercf
1361 3144 1499 3198 fondern
1510 3145 1573 3191 den
1579 3145 1911 3206 Zafergewächfen
1875 3142 1909 3209 zu
1922 3159 2093 3207 verfiehen.

1328 3193 1431 3249 tem
1440 3203 1457 3235 /
1466 3203 1549 3253 man
1562 3193 1614 3243 foll
1624 3200 1791 3252 geftuffene
1806 3207 1873 3246 alte
1884 3207 2025 3250 Rinden
2036 3217 2099 3251 von
2107 3211 2250 3259 Eyhen/

1246 3244 1429 3299 welche
1383 3243 1439 3308 die
1439 3243 1611 3296 Schufter
1623 3253 1801 3303 gebraucht
1811 3257 1935 3302 haben/
1944 3260 2013 3308 alfd
2023 3261 2055 3299 in
2070 3261 2140 3302 eine
2151 3260 2249 3304 Grue

1245 3293 1306 3333 ben
1320 3299 1381 3333 mit
1387 3301 1478 3342 guter
1488 3294 1599 3338 Erden
1612 3301 1832 3352 vermifchen
1814 3293 1836 3356 /
1853 3307 1906 3347 ein
1927 3302 2003 3358 Sabhr
2026 3308 2111 3357 ligen
2128 3309 2248 3358 laffen

1243 3343 1386 3391 hernach
1399 3343 1623 3400 durchfieben
1613 3343 1623 3408 /
1639 3350 1694 3400 fol
1707 3363 1745 3403 zu
1762 3355 2005 3408 Bermehrung
2020 3361 2081 3407 der
2090 3355 2246 3403 Blumen

1248 3391 1316 3443 ehr
1324 3394 1392 3436 wol
1403 3396 1530 3441 dienen,
1973 3437 1979 3444 ,

233 3614 402 3659 nn

2110 3617 2243 3664 Car
