2826 4003
792 445 794 447 ;
831 452 1176 540 Borrede
1112 445 1173 540 an
1186 453 1296 522 den
1308 445 1734 536 großgünftigen
1745 452 1900 538 Lefer,

623 579 710 649 ZA
785 574 821 645 H
834 575 953 643 muß
967 571 1057 641 frei
1068 572 1291 639 bekennen
1309 589 1326 627 /
1334 573 1431 649 daß
1443 578 1520 628 ein
1533 573 1642 643 folch
1662 578 1985 646 weirlduffiges
1998 572 2158 635 Wertk
2175 592 2266 640 von
2285 588 2362 642 der

727 651 1006 722 Geconomia
1016 657 1070 719 gu
1078 643 1382 720 fehreiben/ich
1391 648 1730 703 niemaln/aber
1739 655 1826 706 wol
1834 663 1914 706 vor
1923 649 2048 717 etlich
2058 656 2151 708 und
2162 661 2362 721 zivansig

763 720 907 789 ahren
916 720 985 770 die
995 719 1217 790 Georgica
1227 713 1324 780 quf
1332 721 1422 771 das
1434 718 1629 786 Fürkeffe
1641 717 1882 790 Berfiveife
1894 719 2156 791 aufsufeken
2178 725 2360 779 willens

752 787 944 863 emvefen
962 790 1047 842 wie
1066 787 1131 850 ich
1155 785 1263 842 aber
1284 791 1375 840 Das
1388 789 1545 860 lekßtere
1566 787 1670 844 bald
1687 797 1868 855 geendet
1886 804 1904 844 /
1914 800 2010 848 und
2030 797 2212 858 erlichen
2227 807 2359 861 auten

371 909 438 932 A
605 889 696 924 ZZ]
721 862 958 928 Srehnden
971 856 1403 935 undSönnern/als
1419 856 1642 936 fonderlich
1670 865 1796 919 denen
1810 866 2001 934 nunmehr
2009 864 2170 922 becden
2182 862 2360 936 feeligen

362 943 729 1007 Kunftliebenden
750 936 844 987 und
858 925 1221 996 Unglückfeligen
1232 947 1257 984 /
1268 933 1354 983 wie
1372 931 1484 996 auch
1505 937 1681 988 andern
1703 936 2105 1002 unterfchiedlichen
2116 937 2327 1008 gewiefen
2340 954 2359 995 /
2380 976 2386 1000 |

363 1015 457 1068 id
583 1006 646 1080 IN
654 1001 1056 1080 EiNHUNSFVErlangE/
1066 999 1216 1079 Haben
1229 998 1286 1067 fie
1296 1001 1432 1069 ihnen
1444 1012 1567 1068 zwar
1576 1008 1722 1062 meine
1732 1004 1897 1062 Arbeit
1917 998 2028 1080 nicht
2052 1009 2266 1079 mißfallen
2278 1010 2363 1079 laf

361 1083 436 1151 fen
446 1095 467 1147 /
480 1082 583 1145 doch
595 1080 699 1133 aber
708 1074 848 1142 diefes
859 1069 1205 1139 bengefügt/daß
1217 1073 1483 1137 dergleichen
1494 1078 1658 1141 Seripra
1671 1077 1904 1125 Didackica
1915 1076 2047 1145 beffer
2062 1081 2363 1152 undamuchts

347 1164 437 1220 ger
448 1157 488 1208 in
498 1147 755 1216 -frenyer/
687 1139 761 1220 als
765 1142 1048 1210 gebundener
1059 1139 1187 1197 Mede
1210 1139 1361 1220 mögen
1383 1144 1617 1212 gehandelt
1639 1139 1801 1220 werden
1817 1166 1830 1212 s
1855 1147 1943 1216 alfo
1953 1149 2047 1219 daß
2059 1139 2123 1220 ich
2128 1154 2364 1220 nothwen-

357 2008 782 2070 'ren/nebewdenen
795 1997 1045 2048 Prodromis
1056 1994 1193 2064 ligato
1207 2002 1433 2059 Sermöne,
1446 1997 1711 2083 verfertigen
1725 2013 1750 2068 /
1762 2009 1857 2060 und
1879 2009 1977 2063 dem
1989 2004 2235 2074 günffigen
2252 2003 2375 2073 Lefer

368 3020 371 3033 |
384 3018 555 3082 geleitet
563 3007 717 3066 oerde.
753 3003 793 3047 I
798 2995 914 3046 hales
928 2994 1432 3062 Habevermeint/wahn
1444 3001 1520 3052 der
1530 2997 1825 3066 Hausoatter
1847 3005 1903 3055 die
1910 3002 2119 3072 mehrefte
2128 2999 2231 3072 Zeit
2240 3003 2385 3057 Fönne

363 1231 439 1293 digg
452 1228 497 1273 ın
512 1218 633 1271 Prof
648 1211 1050 1292 BeyercFungen
1060 1211 1312 1296 anhencken
1323 1212 1438 1281 fölte,
1506 1218 1620 1270 Umd
1641 1214 1694 1271 ob
1710 1219 1778 1284 ich
1798 1223 1884 1275 wol
1908 1220 2052 1288 Ihrem
2074 1224 2250 1286 Urtheit
2268 1229 2363 1278 und

366 1297 542 1353 Willen
557 1283 669 1367 nicht
676 1284 1176 1367 widerfprochen
1034 1283 1052 1367 7
1069 1283 1173 1367 habe
1188 1285 1289 1366 khS
1297 1290 1408 1346 doch
1420 1291 1474 1352 zu
1495 1283 1747 1357 vollfähren
1767 1291 1855 1346 viel
1868 1289 1998 1360 Sahr
2015 1293 2363 1362 aufgefchöben/

363 1371 444 1437 biß
458 1369 525 1431 ich
544 1363 693 1427 Leislich
704 1359 814 1422 mich
836 1358 948 1425 famıt
959 1360 1044 1410 den
1054 1352 1377 1433 SReinigeit’in
1398 1361 1467 1413 die
1476 1361 1722 1429 vornehme
1735 1358 2011 1431 Kayferliche
2030 1361 2145 1434 freye
2161 1363 2375 1435 Neichse

367 1426 481 1512 frade
511 1430 785 1503 Regenfpurg
802 1426 981 1493 begeben
1004 1428 1024 1484 /
1031 1427 1127 1481 iD
1137 1428 1257 1482 allda
1513 1436 1666 1499 EEE
1930 1462 1932 1464 |

519 1498 1856 1574 ZZ

520 1590 523 1594 ;
773 1578 776 1584 9
847 1570 979 1629 Ob,
1000 1566 1053 1622 &
1066 1568 1302 1635 exemptum
1320 1574 1430 1618 Chris‘
1442 1573 1719 1637 ravioribus
1736 1590 1903 1625 «UMS

369 1653 520 1725 habeir
533 1655 625 1707 und
640 1640 850 1714 geniehjen
871 1641 1046 1694 Fönnen
1051 1655 1081 1725 7
1091 1639 1181 1721 alfo
1194 1641 1415 1705 indemich
1427 1646 1496 1721 die
1506 1647 1660 1709 vorige
1670 1651 1821 1710 ganke
1830 1646 1933 1717 Zeit
1957 1646 2057 1703 über
2068 1639 2257 1725 /allerleny
2268 1656 2369 1705 vor

370 1729 527 1796 nehme
539 1734 616 1791 zur
628 1710 942 1783 Wirthfchafft
957 1710 1167 1793 gehörige
1178 1709 1402 1799 Sachen,
1416 1712 1557 1788 theils
1577 1722 1674 1770 aus
1691 1727 1833 1780 guten
1847 1718 2113 1789 bewährten
2132 1721 2370 1789 allerhand

371 1778 623 1871 Sprachen
639 1782 1021 1851 Auchoren/theils
1028 1791 1113 1836 mit
1123 1779 1548 1852 Beyhülffanderer
1567 1794 1693 1862 guter
1715 1778 1898 1866 Sreunde
1920 1801 1933 1855 /
1946 1793 2067 1858 nicht
2080 1796 2236 1856 wenig
2255 1792 2371 1857 auch

372 1877 466 1925 ug
476 1873 623 1932 eiqner
636 1854 1003 1919 Beobachtung/
1012 1851 1342 1920 Sürmerchung
1355 1860 1448 1910 und
1459 1854 1786 1927 Crfahrenheit
1805 1859 2040 1930 gefamilet
2031 1851 2043 1932 /
2050 1860 2171 1931 Habe
2182 1864 2247 1927 ich
2255 1859 2372 1929 mich

374 1941 539 2004 endlich
552 1929 743 1990 darüber
753 1923 1457 1994 gemacht
970 1923 1066 2004 /und
1087 1923 1227 2004 Diefes
1260 1923 1400 2004 Werck
1415 1923 1455 2004 in
1468 1927 1606 1988 Proka,
1616 1936 1730 1993 nach
1743 1939 1835 1987 and
1846 1934 1963 1997 nach
1976 1939 2025 1989 in
2037 1936 2110 1988 ein
2119 1946 2235 2002 paar
2248 1932 2374 2003 Sahı

374 2087 528 2156 Hiecnhtit
538 2071 1002 2129 Communieiteht
922 2067 1006 2156 UND
1010 2067 1256 2135 miteheilen
1270 2069 1447 2124 wollen.

493 2150 669 2210 Danie
678 2154 787 2200 mat
798 2139 907 2195 Aber
917 2141 1035 2202 nicht
1045 2138 1306 2204 voriwerffen
1317 2141 1469 2207 möge,
1480 2141 1546 2206 ich
1556 2141 1718 2210 Handle
1732 2152 1823 2201 von
1841 2147 1924 2199 der
1933 2144 2376 2217 Wirchfehafft
2284 2138 2376 2217 und

375 2226 508 2284 melde
516 2222 633 2285 nicht‘
679 2220 787 2271 was
799 2211 853 2281 fie
872 2210 941 2279 fen
953 2225 971 2266 /
982 2212 1127 2279 Hates
1136 2211 1248 2276 mich
1254 2210 1465 2277 anfangs
1478 2217 1642 2270 darum
1654 2217 1849 2282 unnötig
1858 2219 2075 2283 gedaucht
2085 2236 2108 2273 /
2119 2224 2221 2275 weil
2229 2226 2287 2273 eS
2300 2219 2378 2289 Oh»

376 2311 433 2354 ne
446 2296 524 2362 diß
535 2297 608 2346 ein
616 2287 864 2357 Sederman
876 2282 1128 2338 befänntes
1137 2280 1343 2359 Dingift
1367 2294 1379 2335 -
1392 2285 1484 2353 ohn
1494 2285 1683 2350 welches
1693 2291 1784 2341 das
1804 2286 2080 2358 menfehliche
2090 2288 2236 2347 Leben
2257 2292 2378 2356 nicht

378 2367 573 2435 beftehay
584 2363 671 2416 Fan
683 2374 705 2412 /
716 2359 924 2410 damit
875 2352 919 2435 es
934 2352 1039 2407 aber
1060 2353 1140 2417 auf
1159 2360 1235 2407 Das
1248 2356 1449 2420 Fürkefte
1463 2355 1819 2423 gefchehe,/ift
1760 2352 1829 2435 die
1834 2365 2122 2408 Oeconomia
2134 2361 2285 2424 nichts
2294 2374 2382 2416 ans

379 2437 598 2496 derg/alg
608 2437 699 2486 eine
708 2425 831 2492 weife
845 2422 1185 2492 Borfichtigkeit
1197 2438 1222 2478 /
1233 2428 1330 2477 eine
1344 2423 1787 2493 Hauswirthfchafft
1796 2426 1993 2492 Geglückt
2012 2430 2278 2497 ansufeellen
2291 2449 2315 2487 7
2327 2439 2381 2499 zu

379 2509 730 2582 führei/undsw
748 2497 977 2565 erhalten
965 2493 979 2582 /
998 2501 1078 2549 und
1103 2498 1202 2548 wird
1224 2493 1307 2563 fich
1321 2494 1438 2559 nicht
1464 2493 1552 2551 übel
1575 2493 1800 2582 Herreimen
1823 2513 1846 2555 /
1860 2505 1969 2554 Was
1979 2503 2060 2555 Der
2069 2502 2260 2572 gelehree
2282 2501 2378 2552 Plu-

380 2582 552 2634 tarchus
564 2583 616 2631 in
627 2574 787 2642 feinem
798 2567 1047 2635 Saftmahl
1058 2572 1134 2619 der
1148 2565 1293 2635 ficben
1301 2564 1455 2634 weifen
1466 2566 1694 2635 Sriecheti
1706 2570 1919 2640 ersehlet
1915 2564 1929 2642 /
1940 2573 2035 2641 daß
2057 2576 2136 2627 als
2155 2574 2381 2623 Periander

380 2667 470 2711 got
483 2657 567 2706 den
578 2651 752 2703 andern
762 2640 843 2710 fich
858 2637 1050 2703 erfragt
1057 2638 1213 2702 welche
1226 2636 1666 2720 Hausivirthfchaffe
1685 2643 1800 2707 recht
1812 2641 2016 2710 glücklich
2038 2656 2092 2711 st
2102 2645 2261 2709 achten
2274 2644 2381 2712 fen?

382 2724 497 2797 habe
509 2715 685 2790 darauf
699 2711 863 2791 erfilich
876 2708 1011 2788 Solon
1026 2719 1320 2774 geantiwortet
1334 2728 1357 2765 /
1372 2713 1586 2776 diejenige
1596 2712 1665 2778 (ey
1675 2717 1754 2771 eS/
1763 2719 2000 2771 tworinnen
2018 2717 2113 2771 Fein
2121 2716 2305 2781 recht
2316 2726 2383 2770 er;

382 2793 613 2853 worbenes
630 2786 738 2842 Gut
754 2795 805 2850 zu
815 2780 970 2851 finden
980 2795 1003 2832 7
1014 2782 1199 2846 welches
1209 2792 1262 2846 zu
1276 2782 1475 2850 erhalten
1485 2782 1584 2838 Fein
1593 2781 1891 2854 SNißerdue
1927 2793 2031 2843 und
2036 2785 2383 2855 auszufpenden

377 2872 503 2927 Feine
513 2865 646 2924 Reue
657 2857 768 2921 nach
778 2854 861 2923 fich
874 2851 1006 2919 ziehe,
1040 2857 1134 2924 Bias
1146 2851 1259 2920 habe
1269 2851 1420 2921 gefagt
1440 2870 1455 2907 :
1473 2857 1524 2910 in
1545 2857 1726 2921 welcher
1745 2860 1822 2911 der
1839 2858 2137 2926 Hausvatter
2153 2865 2249 2914 aus
2267 2857 2383 2926 frey-

384 2942 593 3007 gwilligent
605 2925 884 3001 Herkewfich
897 2922 1202 2992 alfoverhält7
1217 2929 1300 2979 wie
1326 2934 1346 2979 A
1357 2937 1474 2982 /von
1487 2924 1642 2992 auffen
1661 2922 1707 3007 zu
1719 2922 1855 3007 lchen/
1873 2922 2003 3007 durch
2025 2935 2093 2985 die
2109 2930 2287 2998 Gefeße
2301 2934 2385 2987 an-

386 3084 546 3154 nrüffig
563 3082 692 3150 fe
706 3068 883 3138 nemtich
895 3076 965 3120 wo
974 3071 1068 3123 das
1080 3066 1281 3140 Sefinde
1291 3066 1445 3137 eiffig
1455 3074 1548 3125 und
1561 3069 1822 3140 arbeitfan,
1833 3072 1915 3142 fich
1927 3076 2046 3139 nicht
2062 3076 2148 3142 ef
2158 3074 2290 3138 durch
2299 3076 2387 3128 viel

388 3157 545 3212 Sebot
556 3137 909 3209 antreibenlaffe.
946 3136 1193 3188 Cleobulus
1213 3139 1328 3209 Habe
1348 3144 1584 3197 vermeldet
1600 3161 1623 3197 7
1637 3143 1741 3212 diefe
1762 3144 2204 3214 Haustwirthfehaffe
2220 3143 2288 3213 fey
2308 3152 2386 3199 am

389 3227 539 3296 befien
547 3220 809 3291 befellet/in
820 3205 997 3271 welcher
1009 3210 1136 3279 mehr
1149 3207 1268 3278 feyen
1294 3215 1372 3266 die
1387 3217 1474 3268 den
1488 3212 1789 3279 Hausbatter
1798 3215 1961 3272 liebe
1955 3205 1967 3287 /
1973 3218 2053 3272 als
2063 3217 2227 3283 dieihn
2239 3214 2385 3281 fürch-

388 3309 480 3354 gen.
518 3296 667 3346 Pirtaci
680 3281 940 3355 Nusfpruch
954 3290 1081 3336 war
1069 3272 1082 3357 /
1100 3287 1151 3337 in
1164 3284 1345 3348 welche
1364 3287 1516 3349 nichts
1537 3289 1945 3357 unnörhiwendiges
1966 3292 2059 3343 und
2072 3272 2385 3355 überfläfliges

391 3361 703 3436 begchreauch
715 3361 863 3422 nichts
875 3347 1219 3446 nothiwendiges
1230 3366 1283 3433 su
1293 3359 1541 3422 OerlaNgEN
1552 3356 1659 3427 fehe,
1673 3358 1862 3423 Endlich
1875 3358 1990 3430 habe
2002 3358 2173 3409 Chilon
2185 3355 2387 3424 gefchlofe

391 3441 488 3513 fen
492 3437 600 3505 /diefe
611 3434 733 3489 wäre
749 3435 814 3483 Die
824 3421 1457 3506 glückfeligfeWirchfchafit?
1473 3433 1543 3483 die
1553 3429 1733 3499 beftellet
1747 3431 1815 3501 fey
1826 3435 1955 3497 gleich
1968 3436 2085 3487 einer
2122 3428 2257 3501 Stadt
2284 3431 2386 3484 dato
