1732 2383
177 242 1280 314 an ſaget auch / das ſie zum ʒeichen ein
166 297 1273 371 jglicher oben an ſeinen hoſen einen Strahel
166 356 1129 430 ſol haben / dabey ſie einander erkennen.
166 457 1280 530 26 Mehr wird angezeigt / das einer uner
166 514 1277 583 von Widebock genandt / habe dieſe Geſel⸗
166 572 1282 642 ſchafft bey einander / von denen ſollen ʒween
166 629 1073 702 einkomen / vnd gericht worden ſein.
166 792 1285 932 Dieſes Zeichen iſt ʒu agde⸗
449 848 1279 921 burg an dem einen thorfluͤgel
450 906 1286 976 gefnnden worden / das hat be⸗
450 966 1284 1034 deut / das der eine hinweg ge⸗
451 1022 646 1092 weſt.
471 1330 1292 1404 Darnach iſt an dem andern
456 1390 1292 1464 thorfluͤgel dieſes Zeichen gefun
454 1447 1296 1516 den worden/ als ʒu vnterrichten
454 1505 1011 1574 der ander iſt komen.
180 1718 1295 1795 Des Dertzogen von Wirtenbergs Stete
166 1780 1296 1861 vnd flecken / ſind zum mehrer teil ansgebrent
166 1842 652 1909 Gott erbarme es.
854 1936 1297 2012 Ambroſins
