1700 2687
216 382 821 442 Vom Gerippe dor Saugethiere.
857 392 1019 444 25
83 464 1014 527 tern von Saugethieren von aufſallender
85 520 749 589 Verschiedenheit. Bey vielen
768 534 1004 589 cris z. B.
82 586 1002 659 ist er lein; so auch beym Vallioſs.
82 648 1019 725 Hingegen hbey den gliribus theils mach-
82 714 1019 785 tig groſs; so bem Biber, Murmel-
82 777 1019 852 thier; auch beym Nilpferd, beym Tumm-
82 837 1018 910 ler, Caschelot u. a. m. — Die selt-
82 911 998 976 saiste Forin haben die beiden halen-
82 970 1019 1048 formig gebognen durch eine breite Syn-
82 1035 1016 1110 chondrose vn einander getrennten In-
82 1100 1000 1168 termaxillar- Knochen des Schnabelthiers.
82 1164 523 1237 s. tab. I. n. o.) ).
492 1240 998 1310 B5 § 15.
189 1348 1016 1411 gen Stellen aufinerksam macht, vbi eoc
191 1405 1011 1472 iii tti dicttiote dece pt u G A1,PU6,
190 1463 1015 1522 Vera ftoniiiis coiiit iote c cc l eto
187 1515 790 1580 deuiat.'' s. pag. 120. 125 u. f.
84 1587 1010 1656 ) Ich darf nicht alles hier wiederholen,
154 1650 1011 1707 was vom lnterma illar- nn,hchmn der
190 1705 996 1776 zten usg. de geter. m. vatel. a.
189 1765 1008 1833 34 bis 41 gesagt ist, wo ich anch einig
187 1818 1009 1886 Affen und lcorkaten angeſirt, an
186 1874 1009 1942 deren Schedeln, ohngeachtet sie von
182 1931 1009 1995 jungen Subjecten varen, sich doch eine
180 1987 1008 2048 Spur dieses Knochens erkennen lels —
820 2057 1004 2106 J
