1699 2687
222 358 854 416 Vom Ge1ippe der Saugethiere.
868 360 1048 413 27
91 438 1045 505 Menschen, doppelt. Meines Vissens
89 503 1043 570 sind sie bey den Quadrupeden veit gröſser
86 568 1025 634 als beym Menschen, umal bey den pe-
86 626 1030 696 coribus von aufſallender Lange und Veite.
83 681 844 768 So auch im Hasengeschlecht .
413 799 648 886 s. i.
705 859 820 907 ↄi
118 872 1041 971 Besonders merkwürdig sind bey den
84 948 1044 1030 meisten eco/ ibus die an der Auſsenseits
83 1007 1038 1094 der Oberliefer nebęn den Nasenbeinen
83 1067 1039 1158 befindlichen grubenformigen Eindrucke
83 1144 1022 1228 von den auſsen daran liegenden, soge-
83 1196 1038 1286 nannten inibus ebaceis. — Beyim Ha-
83 1265 1020 1350 sen, der auch hierin,, so ie in so vie-
83 1342 1035 1409 en andern Stucken seines Baues, eine
83 1397 1030 1479 so auffallende Aehnlichkeit mit den
83 1458 1031 1547 iederkauenden Thieren jener Ordnung
668 1546 1028 1613 , eigt,
139 1642 1019 1720 *) Bey manchen, wie 2. E. beym Läwen,
149 1699 1009 1776 sind die Ausgange dieser grolsen Otk
185 1769 1001 1830 nungen am Ganmen sogar beym lebendi-
178 1819 998 1885 gen Thiere sehr aichtlich. — 1. ., 1.
178 1875 1001 1942 Ripio's Abbildung des ⁊ahmen Lö-
178 1935 1016 1995 Nen, der 1760. ĩn Deutschlaud u ehen
179 1993 563 2051 geveen. gr. Fol.
1291 934 1361 986 i
1265 1472 1360 1543 1
