2319 3928
469 385 541 426 Jahr
560 390 591 418 C.

488 427 527 456 diß
541 425 592 452 CC.

618 295 660 331 88

836 290 903 334 Th.
918 293 940 326 l.
962 284 1020 329 B.
1037 290 1083 324 1I.
1109 284 1162 331 C.
1176 288 1217 324 V.
1236 290 1305 326 von
1317 288 1381 325 den
1393 280 1630 332 vornehmſten
1648 278 1866 330 lehrpuncten

613 370 909 413 unverweßligkeit
931 369 999 401 und
1017 370 1067 399 die
1088 362 1337 406 unſterbligkeit

635 420 753 448 vorden
767 413 857 447 waͤre
871 421 873 427 /
890 421 968 444 was
978 412 1042 443 wir
1055 408 1138 450 ſind
1132 408 1150 450 /
1153 410 1262 440 damit
1273 410 1337 439 das

616 457 833 499 verweßliche
840 453 1073 496 verſchlungen
1083 448 1197 484 wurde
1208 453 1338 485 vonder

617 500 930 542 unverweßligkeit
922 492 942 542 /
940 498 1008 529 und
1023 502 1088 527 das
1098 492 1339 534 ſterbliche
1284 492 1339 542 von

615 549 673 577 der
686 542 925 585 unſterbligkeit
937 549 947 572 /
959 540 1008 571 und
1026 547 1079 571 wir
1088 540 1137 570 die
1154 532 1342 575 kindſchafſt

617 588 837 621 überkämen?
872 585 906 622 (b)
928 581 1003 621 Alſo
1017 582 1078 614 hat
1090 583 1146 614 der
1160 580 1270 615 Sohn
1285 584 1355 621 ge⸗

631 641 714 664 itten
731 640 732 643 /
741 630 804 669 daß
818 638 851 659 er
869 636 925 659 uns
943 627 1035 659 durch
1053 622 1130 665 ſeine
1143 622 1342 657 wunden
1355 624 1356 643 le⸗

617 676 738 717 bendig
760 671 889 703 machte
907 667 923 717 /
933 680 974 709 E)
997 669 1066 702 und
1088 668 1200 707 unſere
1218 667 1343 704 hertzen

615 727 684 750 von
695 721 748 749 der
758 713 935 756 finſternuß
949 711 1124 754 befreyete/
1133 713 1200 743 und
1212 712 1281 742 ihm
1292 718 1358 763 ein

615 761 719 803 heilig
734 758 827 791 volck
837 759 998 788 bereitete.
1020 754 1070 793 ()
1091 752 1199 794 Daher
1213 752 1342 785 erkanten

616 804 650 843 ſie
673 811 732 835 nun
791 799 879 835 JEſum
898 808 949 832 vor
973 802 1026 831 den
1053 805 1180 840 ewigen
1200 794 1343 840 Prieſter

616 849 783 880 GOttes
770 838 790 885 /
807 847 858 877 den
882 840 989 885 Koͤnig
1008 843 1065 873 und
1076 838 1282 879 Geſalbten
1270 838 1284 885 /
1307 839 1342 874 (e)

618 889 704 928 durch
714 887 835 927 welchen
849 891 881 925 ſie
896 887 965 917 auch
975 887 1070 917 alleine
1082 884 1137 914 ihre
1172 880 1359 923 veraͤnderung

1364 363 1434 398 ihm
1447 363 1503 394 der
1521 358 1648 400 menſch
1665 358 1852 404 gehorchet.
1866 356 1916 396 ()
1937 352 2035 386 Denn
2047 359 2092 400 an
2101 360 2172 394 gahr
2190 363 2221 386 C.

1366 406 1426 442 ihn
1442 405 1585 447 glauben
1596 411 1605 435 /
1615 401 1654 444 iſt
1668 402 1782 438 nichts
1794 403 1919 436 anders
1931 399 2020 430 denn
2035 395 2093 433 ſei⸗
2112 395 2158 447 bis
2172 401 2223 424 CG.

1368 457 1430 481 nen
1438 449 1549 481 willen
1563 447 1662 483 thun.
1677 447 1713 484 (c)
1737 446 1801 478 Die
1814 437 2095 484 erloͤſung
1969 437 2020 484 iſt
2033 437 2095 484 eine

1367 488 1507 534 groſſere
1525 488 1693 532 wirckung
1711 490 1766 520 der
1779 486 1934 528 freyheit
1928 483 1944 534 /
1945 484 2013 517 und
2025 483 2095 514 eine

1368 524 1537 577 voͤlligere
1552 524 1801 577 unterwerffung
1809 533 1877 564 und
1890 524 2097 568 anmaſſung

1369 584 1467 621 gegen
1481 578 1582 618 unſere
1597 571 1771 621 freyheit.
1785 571 2098 609 Denn
1896 571 1955 621 wir
1969 571 2098 609 werden

1373 622 1465 657 nicht
1473 624 1646 664 deswegen
1656 616 1770 656 erloͤſet
1789 625 1790 651 /
1802 617 1866 655 daß
1873 624 1939 648 wir
1947 623 2019 648 nun
2026 618 2099 644 von

1372 664 1429 700 ihm
1431 664 1635 700 abweichen
1647 657 1662 703 /
1664 662 1805 703 ſondern
1818 659 1883 700 daß
1897 660 1961 691 wir
1974 657 2033 692 ihn
2045 657 2101 687 de⸗

1372 706 1515 748 ſtomehr
1535 708 1660 742 lieben
1652 700 1667 748 /
1683 715 1708 745 je
1722 705 1815 737 mehr
1830 712 1894 735 wir
1908 710 1977 734 von
2001 700 2101 744 ſeiner

1371 753 1481 793 gnade
1499 751 1648 795 erlanget
1668 749 1788 783 haben.
1812 748 1858 785 (5)
1879 747 1981 777 Denn
1997 744 2101 787 dieſes

1370 789 1418 836 iſt
1431 794 1496 828 eben
1509 796 1560 827 die
1574 792 1757 836 langmuth
1766 791 1918 823 GOttes
1933 789 2100 829 geweſen/

1371 838 1428 876 daß
1448 840 1498 870 der
1507 838 1631 877 menſch
1642 835 1725 870 alles
1736 833 1956 875 durchgienge
1966 832 2033 860 und
2042 828 2100 865 ihn

1372 882 1532 914 erkennen
1551 879 1767 914 lernte
1667 872 1683 915 /
1696 879 1765 914 auch
1784 887 1838 914 zur
1855 872 2101 915 aufferſtehung

475 938 593 966 Wieder⸗
619 937 677 965 und
692 930 951 965 Wiedergeburc
970 926 1116 965 geſchehen
1136 934 1164 964 zu
1176 922 1237 957 ſeyn
1255 923 1344 956 erkan⸗
1372 927 1427 957 der
1440 928 1558 958 todten
1572 922 1665 957 käme
1674 931 1684 957 /
1693 925 1753 956 und
1769 918 1936 953 wircklich
1946 914 2101 954 erfuhre
2084 914 2101 961 /

471 978 570 1008 geburt.

479 1993 580 2024 Glaube

482 2295 616 2326 rechtferti⸗
641 2287 687 2317 dem
711 2282 794 2330 fouer
803 2277 936 2324 geriſſen
954 2288 955 2307 /
964 2277 1182 2312 nemlich
1124 2277 1175 2328 von
1190 2279 1249 2309 den
1258 2284 1350 2311 vori⸗

481 2338 530 2368 get.

621 983 667 1008 ten
677 965 694 1016 /
693 982 775 1008 wenn
779 965 821 1016 ſie
832 965 885 1014 ſich
902 969 978 1007 ſelbſt
1035 969 1092 1016 GOtt
1102 968 1276 1015 uͤbergeben/
1286 970 1360 1010 und

618 1019 720 1051 durch
728 1016 910 1058 Chriſtum
922 1024 982 1059 neu
997 1012 1177 1056 geſchaffen
1189 1012 1345 1043 worden
1333 1012 1345 1059 /

618 1055 894 1105 (Aæαασσ§οwwνσaοSne)
920 1066 961 1095 ()
989 1055 1080 1094 daß
1064 1053 1084 1099 /
1102 1053 1186 1086 nach
1212 1055 1287 1086 dem
1308 1055 1347 1094 ſie

616 1104 703 1140 nach
712 1106 769 1137 der
779 1100 1148 1147 gleichheit
977 1094 1029 1147 des
1044 1100 1148 1147 Vateꝛs
1156 1104 1224 1130 von
1233 1105 1348 1129 neuem
1364 1094 1399 1147 ge
1425 1107 1437 1132 /
1443 1100 1552 1132 damit
1567 1107 1598 1130 er
1608 1096 1667 1138 ihn
1677 1094 1765 1136 deſto

618 1148 765 1192 geboren
782 1156 789 1179 )
806 1149 873 1180 und
886 1142 985 1177 durch
998 1144 1046 1175 die
1059 1140 1275 1182 annehmung
1287 1142 1345 1172 des

616 1188 866 1232 warhafftigen
882 1186 1052 1230 gemachet
1066 1186 1202 1217 worden
1211 1192 1219 1216 /
1242 1184 1284 1223 ſie
1296 1184 1361 1228 die

615 1241 829 1276 verwirrung
851 1234 910 1264 des
930 1229 1032 1270 ihnen
1045 1228 1261 1270 angebornen
1278 1232 1361 1300 —

617 1277 691 1318 ſens
709 1274 942 1309 veraͤnderten.
959 1277 1004 1313 (g)
1025 1270 1121 1304 Denn
1140 1278 1174 1302 er
1191 1268 1237 1309 ſey
1253 1269 1343 1302 kom⸗

619 1330 694 1352 men
711 1319 776 1353 alle
793 1318 891 1354 durch
906 1315 969 1355 ſich
982 1312 1074 1354 ſelbſt
1088 1321 1126 1350 zu
1139 1309 1257 1352 erloͤſen
1269 1320 1281 1344 /
1296 1313 1345 1343 die

618 1363 721 1395 durch
736 1363 794 1402 ihn
808 1370 846 1399 zu
859 1358 972 1392 GOtt
987 1355 1254 1397 wiedergeboren
1269 1363 1348 1385 wer⸗

619 1449 737 1480 beten
727 1439 741 1481 /
749 1447 801 1480 die
812 1453 926 1478 waren
944 1443 1037 1477 nicht
1049 1440 1142 1473 mehr
1155 1439 1274 1481 ſolche
1264 1439 1278 1481 /
1286 1449 1349 1472 wie

621 1492 664 1532 ſie
680 1498 750 1523 von
770 1488 902 1531 anfang
928 1482 1115 1530 geſchaffen
1137 1482 1292 1526 geweſen.
1313 1484 1349 1519 G)

622 1534 720 1568 Denn
733 1534 777 1565 da
790 1542 821 1564 er
833 1531 873 1572 ſie
880 1530 1015 1562 erkante
1029 1536 1087 1565 zur
1094 1526 1285 1570 vergebung
1296 1527 1351 1558 der

623 1576 824 1617 luͤnden
744 1569 759 1617 /
773 1569 820 1617 hat
832 1585 864 1607 er
873 1571 1041 1616 gemacht
1029 1569 1044 1617 /
1050 1570 1192 1610 daßihre
1203 1569 1352 1610 ſeeleeine

622 1620 744 1653 andere
757 1619 830 1659 ſigur
847 1618 908 1659 habe
927 1623 938 1648 /
958 1616 1003 1648 wie
1018 1623 1069 1646 ein
1077 1614 1353 1647 kindlein
1227 1614 1241 1659 /
1258 1614 1353 1647 damit

623 1673 656 1696 er
664 1663 703 1703 ſie
712 1662 793 1697 auch
801 1669 869 1695 von
880 1667 995 1694 neuem
1006 1656 1152 1701 gebildet
1164 1657 1234 1696 hat
1228 1656 1243 1703 ·

658 1719 694 1746 C0
718 1711 821 1746 Juſtinus
837 1710 927 1742 Apol.
922 1706 946 1746 I.
956 1717 976 1739 p.
994 1716 1030 1735 48.
1071 1706 1107 1740 ()
1124 1707 1183 1731 Ibid.
1199 1716 1220 1739 p.
1238 1714 1270 1735 5.
1307 1706 1348 1739 (2)

706 1748 771 1771 Idem
782 1748 851 1778 Apol.
864 1747 969 1776 II.
912 1741 935 1778 p.
949 1741 984 1778 s.
1005 1741 1045 1777 (a)
1062 1745 1160 1767 Irenæus
1172 1744 1218 1766 III.
1230 1741 1287 1778 c,5.
1307 1743 1348 1774 (b)

705 1783 769 1809 Ibid.
781 1791 802 1808 c.
817 1790 849 1806 21.
887 1784 921 1803 (c)
941 1779 1059 1802 Barnabas
1068 1780 1139 1810 Epiſt,
1151 1788 1169 1811 p.
1179 1785 1217 1805 17.
1236 1777 1275 1809 (d)
1289 1777 1366 1800 Ibid.

671 1990 718 2020 15.
743 1982 823 2015 Alles
835 1978 922 2014 dieſes
935 1977 1065 2016 ſchrieben
1078 1977 1122 2020 ſie
1116 1977 1366 2015 demlebendigen

626 2028 752 2065 glauben
765 2033 802 2057 an
811 2021 979 2059 CHriſtum
989 2030 1017 2059 zu
1030 2036 1033 2042 /
1044 2020 1129 2060 durch
1141 2021 1263 2060 welchen
1272 2019 1339 2058 ſie
1365 2017 1366 2022 al⸗

626 2073 681 2103 lein
690 2067 862 2108 gerecht
819 2061 865 2108 und
878 2065 961 2105 heilig
974 2064 1104 2097 wuͤrden.
1147 2064 1215 2096 Der
1223 2061 1351 2103 Teuffel

626 2121 701 2145 war
714 2120 777 2144 uns
791 2108 878 2148 nahe
891 2111 960 2140 und
973 2106 1076 2140 wolte
1086 2114 1154 2139 uns
1167 2116 1206 2144 zu
1220 2105 1280 2147 ſich
1289 2115 1366 2142 zie⸗

624 2155 689 2196 hen
702 2170 704 2175 /
724 2155 799 2186 aber
813 2154 867 2185 die
883 2148 987 2190 krafft
999 2150 1171 2183 GOrtes
1156 2148 1171 2196 /
1185 2152 1235 2181 die
1248 2150 1349 2181 durch

625 2197 804 2237 Cqriſtum
822 2204 890 2227 uns
905 2193 1047 2235 gegeben
1064 2191 1104 2233 iſt
1124 2201 1128 2222 /
1151 2192 1274 2224 treibet
1293 2189 1366 2231 ihn

625 2249 696 2274 von
709 2250 774 2273 uns⸗
826 2239 898 2271 Und
921 2245 984 2270 wir
1005 2236 1075 2276 ſind
1094 2233 1269 2277 gleichſam
1285 2243 1349 2267 aus

627 2336 692 2371 gen
710 2328 830 2366 ſunden
855 2323 1061 2365 gereiniget
1060 2320 1076 2371 /
1082 2322 1151 2353 und
1177 2320 1279 2353 durch
1303 2323 1352 2352 die

624 2369 792 2409 crubjalen
801 2369 866 2399 und
876 2369 925 2397 die
939 2363 1147 2407 feuer⸗probe
1158 2362 1347 2395 bewaͤhret/

623 2416 735 2448 damit
755 2419 821 2444 uns
841 2411 898 2441 der
910 2404 1043 2446 Teuffel
1060 2408 1128 2439 und
1140 2406 1220 2445 ſeine
1238 2404 1351 2446 helffer

622 2457 719 2491 üͤüben.
761 2451 879 2492 Daher
905 2461 972 2483 uns
998 2448 1130 2491 JEſus
1156 2451 1212 2481 der
1241 2450 1350 2489 Sohn

624 2500 778 2534 Gottes
792 2499 913 2529 wieder
931 2493 1124 2531 auszeucht
1114 2490 1133 2534 /
1137 2490 1274 2523 welcher
1289 2502 1351 2524 uns

626 2550 690 2575 mit
698 2545 771 2574 dem
786 2539 1001 2579 zubereiteten
1012 2537 1116 2569 leiden
1128 2534 1260 2574 anthun
1274 2535 1349 2569 wil/

627 2594 726 2618 wenn
740 2592 805 2616 wir
819 2580 898 2622 ſeine
911 2580 1012 2623 gebot
1025 2580 1089 2612 mit
1102 2581 1156 2611 der
1172 2577 1254 2617 that
1267 2578 1352 2611 voll⸗

626 2629 782 2669 bringen
776 2621 790 2669 /
799 2625 867 2657 und
881 2621 1061 2667 verſpricht
1074 2631 1139 2655 uns
1158 2623 1210 2654 ein
1229 2624 1369 2665 ewiges

628 2672 715 2703 reich
725 2669 826 2703 durch
840 2667 920 2707 ſeine
932 2665 1134 2708 vorſorgezu
1143 2664 1297 2697 bereiten.
1327 2664 1369 2699 (1)

630 2712 728 2747 Denn
741 2711 863 2743 welche
872 2712 915 2742 da
928 2707 1015 2749 buſſe
1027 2708 1153 2751 gethan
1168 2706 1352 2743 haben
1274 2706 1292 2751 /
1305 2706 1352 2743 die

630 2755 701 2796 ſind
716 2764 749 2786 in
763 2756 836 2785 dem
853 2753 997 2789 glauben
1011 2751 1113 2786 durch
1128 2748 1260 2787 Chriſti
1278 2751 1353 2784 blut

1365 2325 1517 2363 bekennen
1533 2333 1563 2363 ſie
1586 2321 1743 2361 gleichfals.

629 2801 699 2832 und
709 2794 757 2837 tod
750 2794 951 2834 verſͤhnet
952 2794 970 2837 /
986 2794 1038 2837 der
1034 2794 1352 2837 deswegeneben
1300 2794 1352 2837 ge⸗

629 2841 760 2880 ſtorben
787 2837 833 2879 iſt.
860 2840 927 2875 (m)
952 2840 1009 2870 Es
1035 2835 1158 2877 muͤſſen
1177 2837 1264 2869 ihrer
1288 2837 1369 2870 viel

630 2883 732 2917 durch
748 2887 809 2915 den
822 2880 995 2924 gehorſam
1010 2890 1096 2913 eines
1116 2879 1261 2919 menſchen
1276 2889 1289 2912 /
1299 2872 1369 2913 der

632 2926 739 2965 zuerſt
762 2932 911 2959 voneiner
935 2921 1128 2964 Jungfrauen
1154 2922 1354 2965 geboren
1290 2921 1330 2965 iſt
1342 2921 1354 2965 /

633 2970 762 3014 gerecht
778 2970 830 3001 und
848 2966 925 3009 ſelig
951 2970 1064 2997 werden
1089 2966 1132 3003 (n)
1161 2965 1220 3012 Der
1238 2965 1355 3008 glaube

634 3024 679 3046 an
688 3012 798 3044 GOtt
813 3008 942 3042 machet
957 3008 1107 3051 gerecht
1097 3008 1115 3051 /
1129 3011 1173 3047 (0)
1195 3014 1262 3043 und
1276 3009 1355 3042 wel⸗

636 3057 692 3088 che
712 3058 756 3087 da
778 3053 922 3096 glauben
940 3060 949 3077 /
975 3055 1079 3083 denen
1104 3051 1142 3090 iſt
1156 3055 1212 3084 der
1230 3056 1289 3086 tod
1303 3056 1357 3085 des

634 3099 839 3141 HErrneine
849 3095 1097 3138 heiligung
1039 3095 1094 3141 und
1111 3095 1358 3138 vergebungih⸗

637 3151 690 3173 rer
712 3141 833 3180 ſuͤnden
853 3141 1000 3171 worden.
1018 3140 1073 3178 (P)
1095 3138 1188 3170 Was
1213 3147 1284 3170 nun
1306 3140 1360 3169 der

638 3182 765 3222 menſch
788 3183 889 3214 durch
910 3181 990 3221 ſeine
1014 3179 1274 3220 unachtſanikeit
1291 3184 1358 3213 und

640 3224 860 3268 ungehorſam
874 3225 941 3256 ihm
956 3224 1017 3256 hat
1031 3231 1164 3265 zuwege
1178 3223 1357 3265 gebracht/

637 3270 702 3300 das
716 3266 876 3307 ſchencket
889 3266 957 3299 ihm
972 3275 1030 3304 itzo
1043 3267 1156 3299 GOtt
1167 3267 1267 3302 durch
1278 3266 1358 3306 ſeine

635 3311 868 3354 freundligkeit
884 3313 951 3345 und
965 3307 1247 3353 barmhertzigkeit
1260 3318 1272 3342 /
1285 3310 1372 3344 weil

372 3698 507 3739 Herzog
519 3697 653 3739 August
671 3695 861 3728 Bibliothek
876 3692 1116 3727 Wolfenbüttel

810 3757 938 3790 Kodak

826 3799 866 3817 Gray
875 3798 922 3813 Scale

1372 976 1475 1002 wovon
1499 977 1535 1001 er
1555 962 1747 1013 freyworden
1763 966 1827 1003 ſey.
1874 965 1978 1007 Damit
2000 967 2040 991 er
2055 955 2102 989 al⸗

1375 1015 1407 1051 ſo
1418 1014 1491 1045 dem
1510 1011 1640 1050 Hirrn
1655 1007 1822 1043 danckbar
1837 1007 1947 1038 waͤre
1941 1002 1956 1051 /
1967 1004 2036 1034 und
2051 1002 2102 1032 die

1376 1056 1462 1099 gabe
1470 1057 1524 1088 der
1533 1052 1777 1095 unſterbligkeit
1786 1058 1854 1084 von
1865 1049 1935 1082 ihm
1944 1042 2103 1089 empfien⸗

1778 1094 1851 1126 mehr
1872 1092 2001 1124 liebere.
2021 1091 2064 1125 (t)

1420 1144 1434 1167 h
1453 1143 1557 1175 Juſtinus
1578 1142 1642 1165 Didl.
1655 1150 1678 1173 p.
1695 1149 1751 1170 344.
1788 1140 1833 1160 (m)
1858 1135 1918 1159 Ibid.
1936 1143 1956 1165 p.
1977 1135 2039 1169 229.
2073 1135 2100 1160 (n)

1451 1182 1502 1203 Iren.
1528 1178 1610 1200 111..
1621 1185 1649 1200 20
1704 1176 1706 1178 (0)
1758 1172 1821 1197 Idem
1833 1173 1867 1195 lV.
1883 1181 1892 1192 c.
1912 1176 1939 1198 13.
1978 1166 2019 1198 (p)
2037 1165 2101 1191 Ibid.

1560 1212 1594 1245 (P.
1617 1211 1730 1241 Theoph.
1744 1209 1785 1232 lib.
1802 1209 1833 1231 II.
1849 1217 1869 1239 p.
1884 1214 1933 1230 103.
1973 1200 2011 1232 (r)
2040 1203 2100 1223 Iren.

1820 1245 1840 1268 (t)
1876 1244 1931 1264 Idem
1948 1240 2002 1268 111.
2012 1246 2031 1260 c.
2047 1244 2083 1262 22,

1701 1179 1725 1200 (0

1446 1223 1467 1237 c.
1483 1221 1519 1243 4.

1450 1250 1555 1276 IV.
1494 1250 1515 1276 c.
1524 1250 1555 1276 14.

1421 1293 1466 1324 46.
1488 1291 1549 1326 So
1565 1286 1758 1328 beſchrieben
1732 1286 1758 1328 ſi

1594 1255 1623 1273 (8)
1645 1246 1705 1269 Ibid.
1715 1254 1725 1268 c.
1745 1252 1781 1269 27.

1374 1334 1435 1368 des
1445 1334 1614 1373 menſchen
1622 1331 1678 1365 alſo
1688 1343 1695 1365 /
1704 1339 1787 1363 wenn
1800 1329 1832 1369 ſie
1848 1334 1887 1362 die
1903 1327 2100 1369 unglaubigen
2110 1327 2137 1371 u

619 1408 691 1438 den.
703 1405 740 1444 (h)
769 1402 1038 1439 Welche
929 1383 989 1444 nun
1005 1383 1107 1444 anden
1135 1383 1234 1444 HErrn
1254 1383 1348 1444 glaͤu⸗
1378 1387 1461 1418 Harzu
1480 1375 1692 1414 vermahneten.

1747 1376 1817 1408 Der
1849 1370 1974 1410 menſch
1999 1368 2103 1407 muͤſte

1378 1421 1575 1463 überzeuget
1596 1420 1667 1460 ſeyn
1688 1417 1757 1449 und
1780 1416 1946 1460 glauben
1934 1412 1950 1463 /
1969 1412 2035 1452 daß
2053 1414 2104 1443 die

1378 1461 1835 1504 lehreChriſtiwahr
1700 1456 1748 1504 ſey
1756 1456 1771 1504 /
1784 1456 1836 1504 und
1845 1456 1944 1497 muſſe
1952 1456 2022 1490 ihm
2031 1463 2107 1487 vor⸗

1380 1507 1519 1547 nehmen
1528 1506 1595 1545 alſo
1603 1515 1640 1544 zu
1650 1505 1757 1537 leben
1742 1500 1761 1547 /
1772 1503 1803 1543 ſo
1814 1507 1905 1535 dann
1914 1501 2026 1545 beten
2022 1500 2036 1547 /
2038 1500 2106 1530 und

1379 1551 1430 1584 die
1442 1552 1629 1592 vergebung
1642 1548 1742 1585 ſeiner
1754 1547 1894 1587 vorigen
1903 1544 2023 1583 ſünden
2036 1550 2108 1574 von

1379 1594 1493 1628 Gott
1506 1593 1619 1633 ſuchen
1631 1585 1646 1633 /
1651 1592 1760 1624 damit
1769 1599 1801 1620 er
1816 1587 1882 1626 alſo
1890 1585 2109 1627 wiedergebo⸗

1380 1645 1435 1669 ren
1448 1640 1515 1670 und
1527 1639 1582 1668 der
1599 1634 1721 1674 ſünden
1735 1631 1792 1672 loß
1808 1633 1914 1664 werde
1930 1641 1937 1662 /
1959 1632 2028 1661 und
2043 1630 2107 1661 den

1380 1680 1449 1720 ſinn
1463 1670 1643 1720 veraͤndern
1661 1673 1766 1710 koͤnne.
1789 1677 1833 1711 (u)
1873 1675 2005 1707 Wernur
2023 1670 2108 1720 noch

1380 1731 1444 1756 vor
1457 1722 1517 1765 ſich
1532 1723 1624 1765 ſorge
1635 1729 1642 1750 /
1653 1724 1719 1754 und
1734 1720 1784 1752 die
1796 1717 1941 1760 ſeligkeit
1953 1715 2104 1756 erlange/

1379 1767 1447 1799 und
1454 1766 1567 1800 Gtt
1574 1772 1730 1798 vertraue
1739 1770 1747 1794 /
1757 1765 1828 1794 dem
1839 1763 1885 1802 ſey
1895 1758 1990 1800 ſchon
2003 1756 2108 1799 kraſft

1381 1812 1441 1841 da
1429 1801 1449 1850 /
1455 1809 1521 1850 daß
1538 1820 1570 1843 er
1595 1811 1649 1841 den
1671 1801 1779 1850 Chriſt
1792 1805 1942 1838 GOttes
1955 1801 2108 1833 erkenne
2094 1801 2108 1850 /

1380 1851 1604 1887 vollkommen
1621 1852 1691 1884 und
1718 1846 1891 1893 gluͤckſelig
1912 1848 2032 1876 werde.
2062 1845 2109 1881 ()

1383 1896 1437 1929 Er
1445 1895 1544 1936 müſſe
1558 1896 1680 1929 anders
1694 1892 1807 1936 ſinnes
1822 1891 1955 1922 werden
1966 1896 2036 1933 von
2050 1888 2110 1925 ſei⸗

1381 1947 1443 1982 nen
1456 1938 1597 1977 ſuͤnden
1583 1931 1604 1982 /
1611 1942 1679 1970 und
1692 1936 1865 1969 erkennen
1853 1931 1869 1982 /
1880 1931 1946 1970 daß
1959 1933 2077 1970 dieſer1

1382 1986 1437 2014 der
1451 1980 1572 2022 Chriſt
1585 1989 1597 2010 /
1611 1983 1678 2014 und
1696 1979 1778 2020 ſeine
1791 1978 1910 2021 gebote
1923 1973 2058 2008 halten
2049 1972 2065 2022 /
2073 1972 2106 2012 ſo

1379 2024 1723 2071 werdeervergebung
1732 2025 1785 2055 der
1798 2019 1913 2061 ſünden
1933 2017 2042 2052 haben.
2058 2020 2105 2056 ()

1390 2070 1477 2102 Denn
1494 2078 1526 2100 er
1543 2068 1606 2106 hat
1621 2066 1713 2100 nicht
1727 2066 1771 2098 die
1785 2061 1957 2107 gerechten
1967 2062 2035 2091 und
2044 2061 2108 2090 rei⸗

1380 2120 1443 2143 nen
1455 2119 1513 2148 zur
1523 2110 1710 2150 bekehrung
1725 2104 1893 2147 geruſſen
1884 2103 1899 2150 /
1904 2103 2041 2143 ſondern
2055 2104 2107 2134 die

1379 2152 1565 2196 gottloſen
1563 2146 1578 2196 /
1588 2153 1764 2184 unreinen
1756 2146 1777 2196 /
1784 2151 1852 2181 und
1879 2146 2108 2179 ungerechten.

1380 2201 1448 2230 Der
1464 2194 1653 2234 himmliſche
1671 2197 1765 2228 Vater
1778 2191 1848 2223 will
1860 2191 1943 2226 auch
1952 2189 2048 2220 lieber
2057 2189 2109 2219 die

1378 2238 1610 2279 veraͤnderung
1626 2238 1657 2268 als
1661 2234 1803 2276 ſtraffe
1815 2238 1874 2267 des
1885 2233 2032 2270 ſünders.
2056 2232 2110 2268 )

1382 2281 1459 2319 Daß
1474 2279 1558 2314 dieſes
1570 2282 1635 2314 aber
1649 2284 1706 2313 aus
1724 2280 1813 2311 lauter
1829 2281 1942 2313 gnaden
1964 2272 2108 2313 geſchehe/

1764 1296 1773 1319 e
1792 1295 1836 1320 nun
1860 1287 1900 1318 die
1910 1282 2101 1323 bekehrung
2110 1306 2134 1324 .

2140 1306 2205 1341 ekeh⸗

2141 1350 2184 1378 ng.

1432 2367 1440 2370 e
1788 2322 1929 2354 Mieinet
1945 2320 1997 2349 ihr
2018 2315 2206 2356 wol
2092 2315 2109 2361 /
2125 2315 2206 2356 Gnade

1366 2367 1470 2407 heiſſet
1490 2376 1539 2399 es
1545 2360 1560 2407 /
1564 2367 1628 2398 daß
1649 2375 1713 2398 wir
1725 2366 1824 2401 dieſes
1845 2360 1966 2403 jemals
1987 2362 2022 2393 in
2050 2362 2096 2392 der
2113 2360 2220 2407 Gottes

1380 2408 1533 2449 Schrifft
1552 2409 1673 2442 haͤtten
1690 2406 1858 2445 verſtehen
1873 2403 2001 2438 koͤnnen
2048 2403 2087 2449 wo
2100 2403 2197 2449 dabey.

1380 2463 1442 2485 wir
1457 2452 1549 2485 nicht
1564 2453 1664 2484 durch
1677 2456 1737 2483 den
1759 2450 1862 2482 willen
1888 2447 1998 2485 GOttes
2017 2453 2037 2479 /
2048 2447 2105 2478 der

1383 2505 1417 2528 es
1432 2496 1500 2533 alſo
1529 2494 1655 2538 gewolt
1675 2494 1737 2526 hat
1757 2504 1760 2511 /
1785 2495 1891 2533 gnade
1904 2488 2104 2535 empfangen

1384 2540 1529 2571 haͤtten?
1551 2542 1575 2576 (a)
1620 2538 1734 2569 Darum
1761 2536 1960 2568 wiederholten
1982 2531 2015 2570 ſie
2044 2534 2103 2564 aus

1386 2583 1486 2622 Paulo
1494 2575 1508 2623 /
1514 2582 1578 2619 daß
1588 2584 1635 2611 die
1650 2583 1732 2623 gabe
1746 2578 1928 2613 ihresheyls
1946 2575 2028 2608 nicht
2037 2582 2107 2606 von

1383 2631 1503 2658 ihnen
1493 2618 1508 2663 /
1526 2624 1662 2663 ſondern
1688 2632 1742 2654 von
1767 2624 1845 2656 GOtt
1878 2622 1934 2663 ſey.
1955 2619 2003 2658 (b)
2023 2618 2105 2649 Wir

1384 2668 1451 2706 ſind
1464 2676 1514 2700 ein
1527 2664 1642 2699 duͤrres
1657 2665 1742 2703 holtz
1761 2677 1764 2697 /
1790 2667 1855 2698 und
1869 2662 2006 2696 wuͤrden
2019 2668 2107 2691 nim⸗

1382 2709 1620 2746 mermehrzum
1635 2709 1725 2741 leben
1735 2709 1845 2746 frucht
1859 2710 1980 2748 bringen
2001 2712 2012 2736 /
2033 2701 2107 2735 ohne

1384 2756 1458 2785 dem
1487 2750 1708 2790 himmliſchen
1729 2750 1953 2792 freywilligen
1989 2754 2107 2787 regen:

1384 2795 1503 2835 Jedoch
1518 2800 1626 2838 redeten
1645 2800 1686 2826 die
1702 2794 1792 2828 Lehrer
1805 2794 1921 2827 damals
1936 2799 1992 2823 von
2005 2787 2104 2821 dieſem

1387 2846 1473 2877 punct
1487 2846 1579 2869 etwas
1593 2843 1678 2874 freyer
1686 2833 1700 2877 /
1702 2839 1764 2870 weil
1777 2843 1818 2870 die
1836 2833 2103 2875 ſtreitigkeiten
2045 2833 2103 2877 noch

1386 2883 1655 2917 nichtangegangen
1667 2889 1762 2912 waren
1766 2876 1780 2917 /
1790 2888 1839 2911 wie
1852 2884 1892 2911 die
1902 2876 2051 2917 folgenden
2061 2877 2089 2907 be

1385 2925 1497 2956 kennen.
1515 2923 1562 2962 (d)
1585 2923 1711 2956 Dahero
1724 2922 1857 2955 ſchreiben
1873 2920 1921 2960 ſie:

1385 3019 1442 3047 zur
1455 3009 1686 3051 gerechtigkeit
1704 3008 1925 3051 angemahnet
1933 3016 1941 3038 /
1958 3008 2025 3038 und
2041 3007 2107 3036 das

1387 3061 1468 3096 gute
1481 3052 1628 3090 zuthun
1616 3048 1635 3096 /
1641 3052 1716 3083 weil
1731 3050 1867 3093 daſſelbe
1881 3059 1914 3081 in
1928 3049 2027 3081 ihnen
2040 3048 2109 3079 waͤ⸗

1388 3107 1428 3128 re.
1449 3095 1493 3133 (e)
1516 3094 1568 3134 Ja
1582 3097 1637 3127 der
1649 3097 1735 3131 HErr
1763 3095 1834 3126 habe
1860 3094 1950 3125 nicht
1964 3093 2063 3123 allein
2073 3093 2108 3122 in

1388 3142 1448 3171 den
1462 3135 1623 3171 wercken
1609 3135 1627 3171 /
1668 3145 1724 3171 (und
1739 3137 1795 3170 alſo
1807 3136 1874 3169 nach
1896 3140 1937 3167 der
1960 3140 2109 3167 wiederge⸗

1390 3183 1473 3217 burt)
1496 3180 1629 3220 ſondern
1646 3184 1722 3212 auch
1734 3191 1779 3213 im
1794 3180 1949 3220 glauben
1942 3175 1961 3220 /
1980 3181 2059 3209 (und
2069 3175 2107 3207 al⸗

1388 3224 1414 3270 ſo
1429 3232 1472 3257 vor
1480 3223 1735 3257 undinderſelben)
1754 3220 1826 3256 dem
1847 3220 1992 3252 menſchen
2015 3226 2107 3252 einen

1386 3271 1492 3308 freyen
1505 3262 1618 3309 eigenen
1643 3267 1738 3299 willen
1757 3262 1887 3309 gelaſſen
1909 3273 1910 3286 /
1936 3268 1960 3295 da
1982 3273 2010 3296 er
2022 3264 2108 3303 ſagt:

1386 3313 1438 3345 dir
1449 3309 1597 3354 geſchehe
1610 3310 1693 3348 nach
1705 3313 1829 3345 deinem
1838 3306 1990 3353 glauben.
2032 3308 2106 3337 Da⸗

2044 3354 2109 3380 mit

1948 2921 2010 2952 Die
2022 2922 2091 2957 Pro⸗
2116 2918 2183 2947 Vom
2190 2911 2259 2949 frey⸗

1386 2970 1506 3012 pheten
1519 2970 1586 2999 und
1596 2965 1731 3008 Apoſtel
1745 2967 1863 2998 hatten
1874 2967 1924 2996 die
1936 2961 2105 3002 menſchen
2114 2961 2140 2983 en
2148 2955 2238 2982 willen.

706 1829 730 1853 p.
738 1822 768 1842 18.
811 1819 847 1847 (c)
865 1817 908 1838 Juſtinus
924 1816 1115 1847 Dial.
1047 1812 1067 1851 p.
1073 1812 1117 1851 323.
1155 1812 1190 1844 (1)
1204 1814 1269 1837 Idem
1281 1813 1350 1844 Apol.

706 1857 765 1887 II.
758 1848 785 1887 p.
785 1862 820 1880 33.
853 1852 890 1883 (g)
916 1852 1032 1874 Tatianus
1050 1854 1093 1873 Or.
1108 1859 1129 1882 p.
1145 1859 1193 1877 1435.
1229 1848 1267 1879 (b)
1289 1851 1366 1875 Iren.

707 1892 814 1921 II.
754 1885 777 1921 c.
787 1885 832 1921 39.
853 1886 887 1921 (i)
908 1886 1022 1911 Barnabas
1036 1886 1101 1920 Epiſt⸗
1117 1895 1133 1919 p.
1154 1885 1202 1921 44.
1226 1885 1265 1918 (k)
1288 1885 1349 1909 Ibid.

708 1936 731 1960 P.
740 1934 775 1953 I4.
