1189 1499
319 813 423 859 =
556 823 559 824 e
675 785 720 824 ge
730 774 798 811 (tat
816 774 916 810 Rom
924 773 989 822 ges

182 827 380 875 EA
463 834 552 872 paur
560 825 659 863 ward
666 824 916 871 vöambeging
924 823 988 856 Der

231 821 439 936 AS
448 837 454 896 |
462 874 548 922 welt
555 875 671 913 tufent
678 871 897 912 fierbundert
902 867 991 907 Od’

168 961 173 969 )
317 928 443 974 SI
458 924 625 974 Funfzicg
634 924 684 963 far
692 932 743 961 do
761 924 865 973 Zropa
877 919 989 974 erfto-

336 977 452 998 Il
467 981 518 1011 ret
527 974 626 1012 ward
635 973 760 1014 von
716 969 756 1014 DE
776 969 992 1010 Krichifchen

382 1059 421 1063 dl
468 1024 573 1060 keifer
580 1025 652 1062 ond
660 1026 718 1060 die
732 1020 861 1063 furften
877 1020 991 1063 vil’her

154 1091 188 1118 Au
201 1086 264 1109 GETS
319 1090 445 1121 SAY
470 1083 520 1111 ren
538 1070 631 1123 Aubhe
645 1074 690 1111 vo
700 1080 763 1111 der
769 1070 909 1123 groffen
917 1070 989 1108 (tat

160 1124 279 1174 Zropa
288 1124 345 1162 off
350 1132 432 1159 dem
442 1133 533 1161 mere
544 1125 607 1160 mit
615 1123 764 1173 groffem
781 1128 868 1172 guet
875 1122 912 1157 in
921 1121 985 1165 atte

164 1172 247 1210 dere
256 1171 431 1211 land:tnd
441 1174 476 1211 in
487 1181 557 1210 den
568 1172 686 1210 felben
699 1172 827 1211 landen
837 1168 993 1221 pauetern

163 1221 210 1259 fie
220 1222 320 1260 (tette
330 1221 376 1260 vn
391 1223 492 1272 burg.
515 1221 568 1259 Do
576 1222 686 1261 kome
697 1230 752 1260 der
771 1218 888 1260 herren
901 1218 1000 1258 auch

163 1273 200 1311 fn
206 1272 356 1314 welfebhe
366 1272 467 1320 landt
474 1281 523 1311 da
531 1273 669 1325 ptzund
679 1273 780 1313 Rom
791 1269 842 1325 die
847 1271 925 1324 (tat
934 1269 991 1321 Il:

460 775 498 829 A
509 778 565 813 dle
584 744 675 831 bepli
