1180 1503
161 146 369 190 töchter-die
379 151 414 189 er
422 148 476 187 an
495 142 581 190 finer
593 151 731 192 (welter
753 154 921 203 gemacht
929 151 992 192 bet

169 201 243 247 end
254 200 316 238 lies
329 201 399 238 fich
410 199 631 249 anbetten.
603 199 637 249 er
639 204 730 241 Wart
738 203 934 241 erftochen.

237 254 275 271 u
315 250 559 300 Der.p.Retier
565 251 614 300 zu
625 256 739 296 Rom.
937 287 939 289 )

163 299 387 348 W<atıdius
403 302 530 339 Sale
539 301 603 339 fun
619 299 809 354 regiert.xif,
823 306 884 343 far,
897 315 933 341 er
941 315 993 343 er,

166 351 293 402 fchlug
303 349 351 387 fin
364 350 454 388 elich
465 352 558 390 }weib
570 354 707 402 zutodt
723 354 758 391 in
769 354 992 393 trunckebeit

170 401 244 439 ynd
253 402 334 438 nam
345 401 512 451 Zigrippa
521 401 591 439 (ins
602 402 751 448 bıders
763 404 900 441 tochter
908 411 995 442 was

164 455 219 489 ein
231 447 407 488 ynküufche
414 449 496 488 frau
508 451 553 489 von
561 452 605 489 fie
615 454 746 504 vergab
757 456 804 500 im
822 455 889 493 dar
897 455 986 495 omb

164 510 237 539 Das
248 501 427 543 irtochter
445 502 513 538 man
525 513 568 540 an
587 510 644 540 Das
658 499 734 544 rich
743 504 855 544 keme,

133 554 166 598 72
261 566 264 568 7
316 550 623 601 Der.pj.Reiferzu
637 554 772 603 Rom.
980 600 1019 604 E

161 600 317 646 (Nero
330 600 354 639 5
367 600 472 650 boefz
480 603 632 639 Wwutrich
640 608 739 652 wart
750 603 856 642 Reiter
864 606 990 655 regiert

153 651 234 699 er).
245 652 341 689 far.Im
357 656 437 687 was
446 651 525 688 Rein
532 652 714 702 buefzbeit
729 651 769 702 zu
772 666 923 705 gros.er
931 655 994 693 lief

164 700 198 737 fe
205 700 255 738 fin
266 708 394 739 mutter
402 700 456 738 vff
463 700 627 741 (chniden
638 704 707 741 das
719 714 752 741 er
764 705 888 742 mocht
907 705 989 743 (ebE

165 751 250 786 wog
257 760 293 787 er
302 750 423 801 gelege
431 749 585 789 were.
544 749 580 803 vn
594 752 657 797 lies
679 755 825 803 Seneca
830 754 879 793 fin
888 754 988 802 fchul

165 799 301 837 meilter
310 808 444 838 toetten
455 801 539 838 mb
547 802 665 842 das
629 799 665 855 er
674 805 723 853 pn
731 805 777 840 im
790 805 914 854 (ügent
923 816 987 855 ge

163 848 280 889 ftrafft
289 850 441 888 bet.vnd
452 861 487 887 er
505 855 564 889 was
582 853 643 890 der
650 858 736 891 erfte
744 853 850 892 keifer
857 854 920 892 der
928 855 988 893 die

156 899 292 936 "criften
303 899 552 949 verfolget.vnd
562 902 673 944 den
676 930 687 941 if.
699 903 777 941 fant
786 913 902 948 Peter
912 905 987 953 nd

151 947 372 1001 Daulleger
384 950 478 1000 errpil
489 953 615 989 matter
623 963 669 990 an
687 954 812 991 vndvil
830 953 986 994 anderen

153 996 445 1047 beiligen.pndier
453 1006 584 1049 zunnet
597 1004 696 1041 Rom
707 1014 752 1041 an
769 1003 832 1051 mit
851 1006 929 1043 fuer
937 1016 985 1050 an

158 1046 336 1093 eiy.enden
358 1056 422 1087 mut
425 1050 625 1088 Willichlich
635 1054 706 1091 das
717 1065 753 1102 er
764 1063 840 1094 von
850 1056 896 1093 de
905 1055 984 1094 fuer

157 1096 286 1134 frende
295 1097 370 1136 bet.
377 1099 450 1136 Die
459 1110 573 1139 romer
580 1103 690 1141 wolte
698 1113 743 1154 pn
763 1104 848 1142 vmb
857 1113 927 1142 das
938 1116 984 1155 ge

158 1146 244 1184 todt
253 1147 347 1186 habe
357 1150 405 1187 da
414 1152 536 1187 entran
546 1162 582 1188 er
589 1154 699 1202 pn.da
711 1165 744 1198 er
759 1164 808 1191 nu
818 1154 899 1193 fach
909 1156 983 1194 das

156 1204 242 1235 man
250 1197 302 1236 im
310 1201 405 1236 nach
411 1200 566 1250 folgt.da
575 1203 754 1249 erftach
722 1197 759 1250 er
765 1204 849 1242 tich.

119 1287 121 1289 2
307 1242 576 1301 Der.pij.keiler
583 1258 630 1299 zu
644 1255 838 1299 Rom...
1028 1279 1032 1288 i

146 1294 202 1343 €
210 1296 340 1352 Salba
349 1303 440 1352 wart
457 1300 563 1353 keiter
579 1302 654 1356 nd
671 1305 980 1358 regiert.oij.Tarer
