<?xml version="1.0" encoding="UTF-8"?>
<pc:PcGts xmlns:pc="http://schema.primaresearch.org/PAGE/gts/pagecontent/2019-07-15" xmlns:xsi="http://www.w3.org/2001/XMLSchema-instance" xsi:schemaLocation="http://schema.primaresearch.org/PAGE/gts/pagecontent/2019-07-15 http://schema.primaresearch.org/PAGE/gts/pagecontent/2019-07-15/pagecontent.xsd" pcGtsId="OCR-D-OCR_00004">
    <pc:Metadata>
        <pc:Creator>OCR-D/core 2.71.0</pc:Creator>
        <pc:Created>2025-04-10T09:27:20.499335</pc:Created>
        <pc:LastChange>2025-04-10T09:27:20.499335</pc:LastChange>
        <pc:MetadataItem type="processingStep" name="layout/segmentation/region" value="ocrd-tesserocr-recognize">
            <pc:Labels externalModel="ocrd-tool" externalId="parameters">
                <pc:Label value="region" type="segmentation_level"/>
                <pc:Label value="word" type="textequiv_level"/>
                <pc:Label value="True" type="find_tables"/>
                <pc:Label value="german_print" type="model"/>
                <pc:Label value="0" type="dpi"/>
                <pc:Label value="0" type="padding"/>
                <pc:Label value="False" type="overwrite_segments"/>
                <pc:Label value="True" type="overwrite_text"/>
                <pc:Label value="False" type="shrink_polygons"/>
                <pc:Label value="False" type="block_polygons"/>
                <pc:Label value="False" type="find_staves"/>
                <pc:Label value="False" type="sparse_text"/>
                <pc:Label value="False" type="raw_lines"/>
                <pc:Label value="" type="char_whitelist"/>
                <pc:Label value="" type="char_blacklist"/>
                <pc:Label value="" type="char_unblacklist"/>
                <pc:Label value="{}" type="tesseract_parameters"/>
                <pc:Label value="{}" type="xpath_parameters"/>
                <pc:Label value="{}" type="xpath_model"/>
                <pc:Label value="False" type="auto_model"/>
                <pc:Label value="DEFAULT" type="oem"/>
            </pc:Labels>
            <pc:Labels externalModel="ocrd-tool" externalId="version">
                <pc:Label value="0.19.1 (tesseract 5.4.1)" type="ocrd-tesserocr-recognize"/>
                <pc:Label value="2.71.0" type="ocrd/core"/>
            </pc:Labels>
        </pc:MetadataItem>
    </pc:Metadata>
    <pc:Page imageFilename="GT-PAGE/nn_besuch_1780_00004.tif" imageWidth="2000" imageHeight="2271">
        <pc:AlternativeImage filename="OCR-D-OCR/OCR-D-OCR_00004.IMG-BIN.png" comments=",binarized,clipped"/>
        <pc:ReadingOrder>
            <pc:OrderedGroup id="reading-order">
                <pc:RegionRefIndexed index="0" regionRef="region0000"/>
                <pc:RegionRefIndexed index="1" regionRef="region0001"/>
                <pc:RegionRefIndexed index="2" regionRef="region0002"/>
            </pc:OrderedGroup>
        </pc:ReadingOrder>
        <pc:TextRegion id="region0001" orientation="0.117314328668158" readingDirection="left-to-right" textLineOrder="top-to-bottom">
            <pc:Coords points="714,251 1387,251 1387,1038 714,1038"/>
            <pc:TextLine id="region0001_line0000">
                <pc:Coords points="715,251 1313,251 1313,296 715,296"/>
                <pc:Word id="region0001_line0000_word0000">
                    <pc:Coords points="715,255 743,255 743,289 715,289"/>
                    <pc:TextEquiv conf="0.916667251586914">
                        <pc:Unicode>A</pc:Unicode>
                    </pc:TextEquiv>
                </pc:Word>
                <pc:Word id="region0001_line0000_word0001">
                    <pc:Coords points="763,257 830,257 830,295 763,295"/>
                    <pc:TextEquiv conf="0.916667251586914">
                        <pc:Unicode>jeder</pc:Unicode>
                    </pc:TextEquiv>
                </pc:Word>
                <pc:Word id="region0001_line0000_word0002">
                    <pc:Coords points="851,254 934,254 934,296 851,296"/>
                    <pc:TextEquiv conf="0.904798431396484">
                        <pc:Unicode>flougt</pc:Unicode>
                    </pc:TextEquiv>
                </pc:Word>
                <pc:Word id="region0001_line0000_word0003">
                    <pc:Coords points="953,254 1007,254 1007,285 953,285"/>
                    <pc:TextEquiv conf="0.931327056884766">
                        <pc:Unicode>und</pc:Unicode>
                    </pc:TextEquiv>
                </pc:Word>
                <pc:Word id="region0001_line0000_word0004">
                    <pc:Coords points="1026,251 1136,251 1136,292 1026,292"/>
                    <pc:TextEquiv conf="0.656427764892578">
                        <pc:Unicode>ſchwuͤrt</pc:Unicode>
                    </pc:TextEquiv>
                </pc:Word>
                <pc:Word id="region0001_line0000_word0005">
                    <pc:Coords points="1157,252 1208,252 1208,292 1157,292"/>
                    <pc:TextEquiv conf="0.931100311279297">
                        <pc:Unicode>noh</pc:Unicode>
                    </pc:TextEquiv>
                </pc:Word>
                <pc:Word id="region0001_line0000_word0006">
                    <pc:Coords points="1227,252 1313,252 1313,292 1227,292"/>
                    <pc:TextEquiv conf="0.792888641357422">
                        <pc:Unicode>deraf,</pc:Unicode>
                    </pc:TextEquiv>
                </pc:Word>
                <pc:TextEquiv conf="0.864268101283482">
                    <pc:Unicode>A jeder flougt und ſchwuͤrt noh deraf,</pc:Unicode>
                </pc:TextEquiv>
            </pc:TextLine>
            <pc:TextLine id="region0001_line0001">
                <pc:Coords points="716,310 1272,310 1272,352 716,352"/>
                <pc:Word id="region0001_line0001_word0000">
                    <pc:Coords points="716,312 774,312 774,345 716,345"/>
                    <pc:TextEquiv conf="0.92939567565918">
                        <pc:Unicode>Die</pc:Unicode>
                    </pc:TextEquiv>
                </pc:Word>
                <pc:Word id="region0001_line0001_word0001">
                    <pc:Coords points="795,310 872,310 872,352 795,352"/>
                    <pc:TextEquiv conf="0.913618087768555">
                        <pc:Unicode>Thuͤr</pc:Unicode>
                    </pc:TextEquiv>
                </pc:Word>
                <pc:Word id="region0001_line0001_word0002">
                    <pc:Coords points="893,311 919,311 919,351 893,351"/>
                    <pc:TextEquiv conf="0.884842147827148">
                        <pc:Unicode>iß</pc:Unicode>
                    </pc:TextEquiv>
                </pc:Word>
                <pc:Word id="region0001_line0001_word0003">
                    <pc:Coords points="941,310 1106,310 1106,350 941,350"/>
                    <pc:TextEquiv conf="0.898608093261719">
                        <pc:Unicode>zwaamauhl</pc:Unicode>
                    </pc:TextEquiv>
                </pc:Word>
                <pc:Word id="region0001_line0001_word0004">
                    <pc:Coords points="1128,319 1213,319 1213,349 1128,349"/>
                    <pc:TextEquiv conf="0.917623138427734">
                        <pc:Unicode>ganga</pc:Unicode>
                    </pc:TextEquiv>
                </pc:Word>
                <pc:Word id="region0001_line0001_word0005">
                    <pc:Coords points="1236,310 1272,310 1272,348 1236,348"/>
                    <pc:TextEquiv conf="0.918961410522461">
                        <pc:Unicode>af.</pc:Unicode>
                    </pc:TextEquiv>
                </pc:Word>
                <pc:TextEquiv conf="0.910508092244466">
                    <pc:Unicode>Die Thuͤr iß zwaamauhl ganga af.</pc:Unicode>
                </pc:TextEquiv>
            </pc:TextLine>
            <pc:TextLine id="region0001_line0002">
                <pc:Coords points="715,365 1348,365 1348,409 715,409"/>
                <pc:Word id="region0001_line0002_word0000">
                    <pc:Coords points="715,369 776,369 776,403 715,403"/>
                    <pc:TextEquiv conf="0.920424728393555">
                        <pc:Unicode>Und</pc:Unicode>
                    </pc:TextEquiv>
                </pc:Word>
                <pc:Word id="region0001_line0002_word0001">
                    <pc:Coords points="798,368 849,368 849,400 798,400"/>
                    <pc:TextEquiv conf="0.847722625732422">
                        <pc:Unicode>woͤi</pc:Unicode>
                    </pc:TextEquiv>
                </pc:Word>
                <pc:Word id="region0001_line0002_word0002">
                    <pc:Coords points="871,374 943,374 943,400 871,400"/>
                    <pc:TextEquiv conf="0.931884460449219">
                        <pc:Unicode>mers</pc:Unicode>
                    </pc:TextEquiv>
                </pc:Word>
                <pc:Word id="region0001_line0002_word0003">
                    <pc:Coords points="965,377 1018,377 1018,399 965,399"/>
                    <pc:TextEquiv conf="0.93231330871582">
                        <pc:Unicode>nau</pc:Unicode>
                    </pc:TextEquiv>
                </pc:Word>
                <pc:Word id="region0001_line0002_word0004">
                    <pc:Coords points="1040,368 1105,368 1105,409 1040,409"/>
                    <pc:TextEquiv conf="0.928826065063477">
                        <pc:Unicode>haut</pc:Unicode>
                    </pc:TextEquiv>
                </pc:Word>
                <pc:Word id="region0001_line0002_word0005">
                    <pc:Coords points="1119,367 1196,367 1196,406 1119,406"/>
                    <pc:TextEquiv conf="0.909790573120117">
                        <pc:Unicode>roͤcht</pc:Unicode>
                    </pc:TextEquiv>
                </pc:Word>
                <pc:Word id="region0001_line0002_word0006">
                    <pc:Coords points="1219,365 1348,365 1348,403 1219,403"/>
                    <pc:TextEquiv conf="0.931254348754883">
                        <pc:Unicode>betracht,</pc:Unicode>
                    </pc:TextEquiv>
                </pc:Word>
                <pc:TextEquiv conf="0.914602301461356">
                    <pc:Unicode>Und woͤi mers nau haut roͤcht betracht,</pc:Unicode>
                </pc:TextEquiv>
            </pc:TextLine>
            <pc:TextLine id="region0001_line0003">
                <pc:Coords points="716,410 1344,410 1344,466 716,466"/>
                <pc:Word id="region0001_line0003_word0000">
                    <pc:Coords points="716,425 793,425 793,466 716,466"/>
                    <pc:TextEquiv conf="0.338873901367187">
                        <pc:Unicode>Hauc</pc:Unicode>
                    </pc:TextEquiv>
                </pc:Word>
                <pc:Word id="region0001_line0003_word0001">
                    <pc:Coords points="813,425 861,425 861,457 813,457"/>
                    <pc:TextEquiv conf="0.872381973266602">
                        <pc:Unicode>doͤs</pc:Unicode>
                    </pc:TextEquiv>
                </pc:Word>
                <pc:Word id="region0001_line0003_word0002">
                    <pc:Coords points="884,429 926,429 926,457 884,457"/>
                    <pc:TextEquiv conf="0.906100845336914">
                        <pc:Unicode>der</pc:Unicode>
                    </pc:TextEquiv>
                </pc:Word>
                <pc:Word id="region0001_line0003_word0003">
                    <pc:Coords points="948,424 1007,424 1007,464 948,464"/>
                    <pc:TextEquiv conf="0.927812728881836">
                        <pc:Unicode>Zug</pc:Unicode>
                    </pc:TextEquiv>
                </pc:Word>
                <pc:Word id="region0001_line0003_word0004">
                    <pc:Coords points="1027,435 1079,435 1079,457 1027,457"/>
                    <pc:TextEquiv conf="0.93154655456543">
                        <pc:Unicode>von</pc:Unicode>
                    </pc:TextEquiv>
                </pc:Word>
                <pc:Word id="region0001_line0003_word0005">
                    <pc:Coords points="1100,410 1205,410 1205,464 1100,464"/>
                    <pc:TextEquiv conf="0.920606307983398">
                        <pc:Unicode>Fenſter</pc:Unicode>
                    </pc:TextEquiv>
                </pc:Word>
                <pc:Word id="region0001_line0003_word0006">
                    <pc:Coords points="1226,424 1344,424 1344,463 1226,463"/>
                    <pc:TextEquiv conf="0.772632827758789">
                        <pc:Unicode>g'macht.</pc:Unicode>
                    </pc:TextEquiv>
                </pc:Word>
                <pc:TextEquiv conf="0.809993591308594">
                    <pc:Unicode>Hauc doͤs der Zug von Fenſter g'macht.</pc:Unicode>
                </pc:TextEquiv>
            </pc:TextLine>
            <pc:TextLine id="region0001_line0004">
                <pc:Coords points="716,482 1249,482 1249,522 716,522"/>
                <pc:Word id="region0001_line0004_word0000">
                    <pc:Coords points="716,482 784,482 784,522 716,522"/>
                    <pc:TextEquiv conf="0.929345855712891">
                        <pc:Unicode>Oeiz</pc:Unicode>
                    </pc:TextEquiv>
                </pc:Word>
                <pc:Word id="region0001_line0004_word0001">
                    <pc:Coords points="803,489 860,489 860,514 803,514"/>
                    <pc:TextEquiv conf="0.931791610717773">
                        <pc:Unicode>wos</pc:Unicode>
                    </pc:TextEquiv>
                </pc:Word>
                <pc:Word id="region0001_line0004_word0002">
                    <pc:Coords points="880,483 907,483 907,521 880,521"/>
                    <pc:TextEquiv conf="0.915145263671875">
                        <pc:Unicode>iß</pc:Unicode>
                    </pc:TextEquiv>
                </pc:Word>
                <pc:Word id="region0001_line0004_word0003">
                    <pc:Coords points="930,484 1016,484 1016,515 930,515"/>
                    <pc:TextEquiv conf="0.886819152832031">
                        <pc:Unicode>weiter</pc:Unicode>
                    </pc:TextEquiv>
                </pc:Word>
                <pc:Word id="region0001_line0004_word0004">
                    <pc:Coords points="1038,482 1158,482 1158,522 1038,522"/>
                    <pc:TextEquiv conf="0.337693328857422">
                        <pc:Unicode>z'mach'n</pc:Unicode>
                    </pc:TextEquiv>
                </pc:Word>
                <pc:Word id="region0001_line0004_word0005">
                    <pc:Coords points="1180,485 1249,485 1249,518 1180,518"/>
                    <pc:TextEquiv conf="0.926819686889648">
                        <pc:Unicode>dau,</pc:Unicode>
                    </pc:TextEquiv>
                </pc:Word>
                <pc:TextEquiv conf="0.821269149780273">
                    <pc:Unicode>Oeiz wos iß weiter z'mach'n dau,</pc:Unicode>
                </pc:TextEquiv>
            </pc:TextLine>
            <pc:TextLine id="region0001_line0005">
                <pc:Coords points="717,539 1225,539 1225,580 717,580"/>
                <pc:Word id="region0001_line0005_word0000">
                    <pc:Coords points="717,541 861,541 861,573 717,573"/>
                    <pc:TextEquiv conf="0.914784774780273">
                        <pc:Unicode>Annander</pc:Unicode>
                    </pc:TextEquiv>
                </pc:Word>
                <pc:Word id="region0001_line0005_word0001">
                    <pc:Coords points="884,539 977,539 977,580 884,580"/>
                    <pc:TextEquiv conf="0.910218505859375">
                        <pc:Unicode>hob'ns</pc:Unicode>
                    </pc:TextEquiv>
                </pc:Word>
                <pc:Word id="region0001_line0005_word0002">
                    <pc:Coords points="996,539 1142,539 1142,578 996,578"/>
                    <pc:TextEquiv conf="0.930975036621094">
                        <pc:Unicode>ausg'lacht</pc:Unicode>
                    </pc:TextEquiv>
                </pc:Word>
                <pc:Word id="region0001_line0005_word0003">
                    <pc:Coords points="1161,548 1225,548 1225,570 1161,570"/>
                    <pc:TextEquiv conf="0.930720977783203">
                        <pc:Unicode>nau.</pc:Unicode>
                    </pc:TextEquiv>
                </pc:Word>
                <pc:TextEquiv conf="0.921674823760986">
                    <pc:Unicode>Annander hob'ns ausg'lacht nau.</pc:Unicode>
                </pc:TextEquiv>
            </pc:TextLine>
            <pc:TextLine id="region0001_line0006">
                <pc:Coords points="717,596 1269,596 1269,637 717,637"/>
                <pc:Word id="region0001_line0006_word0000">
                    <pc:Coords points="717,596 783,596 783,637 717,637"/>
                    <pc:TextEquiv conf="0.923750228881836">
                        <pc:Unicode>Oeiz</pc:Unicode>
                    </pc:TextEquiv>
                </pc:Word>
                <pc:Word id="region0001_line0006_word0001">
                    <pc:Coords points="805,598 919,598 919,636 805,636"/>
                    <pc:TextEquiv conf="0.923750228881836">
                        <pc:Unicode>mach'ns</pc:Unicode>
                    </pc:TextEquiv>
                </pc:Word>
                <pc:Word id="region0001_line0006_word0002">
                    <pc:Coords points="942,596 1004,596 1004,635 942,635"/>
                    <pc:TextEquiv conf="0.788596954345703">
                        <pc:Unicode>ſchoͤi</pc:Unicode>
                    </pc:TextEquiv>
                </pc:Word>
                <pc:Word id="region0001_line0006_word0003">
                    <pc:Coords points="1026,598 1065,598 1065,628 1026,628"/>
                    <pc:TextEquiv conf="0.930109710693359">
                        <pc:Unicode>die</pc:Unicode>
                    </pc:TextEquiv>
                </pc:Word>
                <pc:Word id="region0001_line0006_word0004">
                    <pc:Coords points="1083,597 1187,597 1187,635 1083,635"/>
                    <pc:TextEquiv conf="0.927173614501953">
                        <pc:Unicode>Fenſter</pc:Unicode>
                    </pc:TextEquiv>
                </pc:Word>
                <pc:Word id="region0001_line0006_word0005">
                    <pc:Coords points="1208,605 1269,605 1269,635 1208,635"/>
                    <pc:TextEquiv conf="0.929197006225586">
                        <pc:Unicode>zou,</pc:Unicode>
                    </pc:TextEquiv>
                </pc:Word>
                <pc:TextEquiv conf="0.903762957255046">
                    <pc:Unicode>Oeiz mach'ns ſchoͤi die Fenſter zou,</pc:Unicode>
                </pc:TextEquiv>
            </pc:TextLine>
            <pc:TextLine id="region0001_line0007">
                <pc:Coords points="714,653 1274,653 1274,695 714,695"/>
                <pc:Word id="region0001_line0007_word0000">
                    <pc:Coords points="714,655 775,655 775,689 714,689"/>
                    <pc:TextEquiv conf="0.930457763671875">
                        <pc:Unicode>Und</pc:Unicode>
                    </pc:TextEquiv>
                </pc:Word>
                <pc:Word id="region0001_line0007_word0001">
                    <pc:Coords points="798,656 873,656 873,693 798,693"/>
                    <pc:TextEquiv conf="0.875509033203125">
                        <pc:Unicode>lieg'n</pc:Unicode>
                    </pc:TextEquiv>
                </pc:Word>
                <pc:Word id="region0001_line0007_word0002">
                    <pc:Coords points="896,655 931,655 931,695 896,695"/>
                    <pc:TextEquiv conf="0.929973602294922">
                        <pc:Unicode>ſih</pc:Unicode>
                    </pc:TextEquiv>
                </pc:Word>
                <pc:Word id="region0001_line0007_word0003">
                    <pc:Coords points="954,655 1098,655 1098,695 954,695"/>
                    <pc:TextEquiv conf="0.869896621704102">
                        <pc:Unicode>nohmauhl</pc:Unicode>
                    </pc:TextEquiv>
                </pc:Word>
                <pc:Word id="region0001_line0007_word0004">
                    <pc:Coords points="1120,664 1162,664 1162,693 1120,693"/>
                    <pc:TextEquiv conf="0.924003448486328">
                        <pc:Unicode>zor</pc:Unicode>
                    </pc:TextEquiv>
                </pc:Word>
                <pc:Word id="region0001_line0007_word0005">
                    <pc:Coords points="1182,653 1274,653 1274,692 1182,692"/>
                    <pc:TextEquiv conf="0.778281326293945">
                        <pc:Unicode>Rouh.</pc:Unicode>
                    </pc:TextEquiv>
                </pc:Word>
                <pc:TextEquiv conf="0.884686965942383">
                    <pc:Unicode>Und lieg'n ſih nohmauhl zor Rouh.</pc:Unicode>
                </pc:TextEquiv>
            </pc:TextLine>
            <pc:TextLine id="region0001_line0008">
                <pc:Coords points="716,710 1269,710 1269,752 716,752"/>
                <pc:Word id="region0001_line0008_word0000">
                    <pc:Coords points="716,713 761,713 761,752 716,752"/>
                    <pc:TextEquiv conf="0.929309616088867">
                        <pc:Unicode>In</pc:Unicode>
                    </pc:TextEquiv>
                </pc:Word>
                <pc:Word id="region0001_line0008_word0001">
                    <pc:Coords points="785,715 882,715 882,744 785,744"/>
                    <pc:TextEquiv conf="0.911056365966797">
                        <pc:Unicode>andern</pc:Unicode>
                    </pc:TextEquiv>
                </pc:Word>
                <pc:Word id="region0001_line0008_word0002">
                    <pc:Coords points="904,712 961,712 961,750 904,750"/>
                    <pc:TextEquiv conf="0.907411956787109">
                        <pc:Unicode>Tog</pc:Unicode>
                    </pc:TextEquiv>
                </pc:Word>
                <pc:Word id="region0001_line0008_word0003">
                    <pc:Coords points="984,722 1034,722 1034,742 984,742"/>
                    <pc:TextEquiv conf="0.920373077392578">
                        <pc:Unicode>nau</pc:Unicode>
                    </pc:TextEquiv>
                </pc:Word>
                <pc:Word id="region0001_line0008_word0004">
                    <pc:Coords points="1057,713 1082,713 1082,742 1057,742"/>
                    <pc:TextEquiv conf="0.920373077392578">
                        <pc:Unicode>in</pc:Unicode>
                    </pc:TextEquiv>
                </pc:Word>
                <pc:Word id="region0001_line0008_word0005">
                    <pc:Coords points="1105,715 1148,715 1148,742 1105,742"/>
                    <pc:TextEquiv conf="0.932535781860352">
                        <pc:Unicode>der</pc:Unicode>
                    </pc:TextEquiv>
                </pc:Word>
                <pc:Word id="region0001_line0008_word0006">
                    <pc:Coords points="1169,710 1269,710 1269,750 1169,750"/>
                    <pc:TextEquiv conf="0.888786315917969">
                        <pc:Unicode>Froͤih,</pc:Unicode>
                    </pc:TextEquiv>
                </pc:Word>
                <pc:TextEquiv conf="0.915692313058036">
                    <pc:Unicode>In andern Tog nau in der Froͤih,</pc:Unicode>
                </pc:TextEquiv>
            </pc:TextLine>
            <pc:TextLine id="region0001_line0009">
                <pc:Coords points="716,768 1230,768 1230,809 716,809"/>
                <pc:Word id="region0001_line0009_word0000">
                    <pc:Coords points="716,769 785,769 785,802 716,802"/>
                    <pc:TextEquiv conf="0.924583206176758">
                        <pc:Unicode>Dau</pc:Unicode>
                    </pc:TextEquiv>
                </pc:Word>
                <pc:Word id="region0001_line0009_word0001">
                    <pc:Coords points="809,768 864,768 864,809 809,809"/>
                    <pc:TextEquiv conf="0.881322784423828">
                        <pc:Unicode>haͤit</pc:Unicode>
                    </pc:TextEquiv>
                </pc:Word>
                <pc:Word id="region0001_line0009_word0002">
                    <pc:Coords points="884,778 939,778 939,799 884,799"/>
                    <pc:TextEquiv conf="0.93199577331543">
                        <pc:Unicode>mer</pc:Unicode>
                    </pc:TextEquiv>
                </pc:Word>
                <pc:Word id="region0001_line0009_word0003">
                    <pc:Coords points="960,769 1029,769 1029,807 960,807"/>
                    <pc:TextEquiv conf="0.917542266845703">
                        <pc:Unicode>ſoll'n</pc:Unicode>
                    </pc:TextEquiv>
                </pc:Word>
                <pc:Word id="region0001_line0009_word0004">
                    <pc:Coords points="1052,768 1157,768 1157,809 1052,809"/>
                    <pc:TextEquiv conf="0.838393859863281">
                        <pc:Unicode>haͤiern,</pc:Unicode>
                    </pc:TextEquiv>
                </pc:Word>
                <pc:Word id="region0001_line0009_word0005">
                    <pc:Coords points="1179,768 1230,768 1230,798 1179,798"/>
                    <pc:TextEquiv conf="0.485338249206543">
                        <pc:Unicode>woͤi</pc:Unicode>
                    </pc:TextEquiv>
                </pc:Word>
                <pc:TextEquiv conf="0.829862689971924">
                    <pc:Unicode>Dau haͤit mer ſoll'n haͤiern, woͤi</pc:Unicode>
                </pc:TextEquiv>
            </pc:TextLine>
            <pc:TextLine id="region0001_line0010">
                <pc:Coords points="716,825 1246,825 1246,867 716,867"/>
                <pc:Word id="region0001_line0010_word0000">
                    <pc:Coords points="716,828 744,828 744,859 716,859"/>
                    <pc:TextEquiv conf="0.918903198242187">
                        <pc:Unicode>A</pc:Unicode>
                    </pc:TextEquiv>
                </pc:Word>
                <pc:Word id="region0001_line0010_word0001">
                    <pc:Coords points="764,830 834,830 834,866 764,866"/>
                    <pc:TextEquiv conf="0.918903198242187">
                        <pc:Unicode>jeder</pc:Unicode>
                    </pc:TextEquiv>
                </pc:Word>
                <pc:Word id="region0001_line0010_word0002">
                    <pc:Coords points="856,828 891,828 891,867 856,867"/>
                    <pc:TextEquiv conf="0.931214904785156">
                        <pc:Unicode>ſih</pc:Unicode>
                    </pc:TextEquiv>
                </pc:Word>
                <pc:Word id="region0001_line0010_word0003">
                    <pc:Coords points="912,830 962,830 962,857 912,857"/>
                    <pc:TextEquiv conf="0.931224670410156">
                        <pc:Unicode>dau</pc:Unicode>
                    </pc:TextEquiv>
                </pc:Word>
                <pc:Word id="region0001_line0010_word0004">
                    <pc:Coords points="984,828 1075,828 1075,865 984,865"/>
                    <pc:TextEquiv conf="0.905449981689453">
                        <pc:Unicode>g'lacht</pc:Unicode>
                    </pc:TextEquiv>
                </pc:Word>
                <pc:Word id="region0001_line0010_word0005">
                    <pc:Coords points="1095,826 1160,826 1160,865 1095,865"/>
                    <pc:TextEquiv conf="0.924070510864258">
                        <pc:Unicode>haut</pc:Unicode>
                    </pc:TextEquiv>
                </pc:Word>
                <pc:Word id="region0001_line0010_word0006">
                    <pc:Coords points="1182,825 1246,825 1246,863 1182,863"/>
                    <pc:TextEquiv conf="0.884259033203125">
                        <pc:Unicode>ſatt,</pc:Unicode>
                    </pc:TextEquiv>
                </pc:Word>
                <pc:TextEquiv conf="0.916289356776646">
                    <pc:Unicode>A jeder ſih dau g'lacht haut ſatt,</pc:Unicode>
                </pc:TextEquiv>
            </pc:TextLine>
            <pc:TextLine id="region0001_line0011">
                <pc:Coords points="716,883 1221,883 1221,924 716,924"/>
                <pc:Word id="region0001_line0011_word0000">
                    <pc:Coords points="716,884 776,884 776,916 716,916"/>
                    <pc:TextEquiv conf="0.915144348144531">
                        <pc:Unicode>Und</pc:Unicode>
                    </pc:TextEquiv>
                </pc:Word>
                <pc:Word id="region0001_line0011_word0001">
                    <pc:Coords points="796,883 847,883 847,915 796,915"/>
                    <pc:TextEquiv conf="0.910052337646484">
                        <pc:Unicode>woͤi</pc:Unicode>
                    </pc:TextEquiv>
                </pc:Word>
                <pc:Word id="region0001_line0011_word0002">
                    <pc:Coords points="867,894 894,894 894,915 867,915"/>
                    <pc:TextEquiv conf="0.932370758056641">
                        <pc:Unicode>er</pc:Unicode>
                    </pc:TextEquiv>
                </pc:Word>
                <pc:Word id="region0001_line0011_word0003">
                    <pc:Coords points="916,884 980,884 980,924 916,924"/>
                    <pc:TextEquiv conf="0.924970169067383">
                        <pc:Unicode>haut</pc:Unicode>
                    </pc:TextEquiv>
                </pc:Word>
                <pc:Word id="region0001_line0011_word0004">
                    <pc:Coords points="1001,883 1120,883 1120,922 1001,922"/>
                    <pc:TextEquiv conf="0.930743560791016">
                        <pc:Unicode>Coraſchi</pc:Unicode>
                    </pc:TextEquiv>
                </pc:Word>
                <pc:Word id="region0001_line0011_word0005">
                    <pc:Coords points="1139,883 1221,883 1221,921 1139,921"/>
                    <pc:TextEquiv conf="0.876511535644531">
                        <pc:Unicode>g'hat.</pc:Unicode>
                    </pc:TextEquiv>
                </pc:Word>
                <pc:TextEquiv conf="0.914965451558431">
                    <pc:Unicode>Und woͤi er haut Coraſchi g'hat.</pc:Unicode>
                </pc:TextEquiv>
            </pc:TextLine>
            <pc:TextLine id="region0001_line0012">
                <pc:Coords points="716,937 1387,937 1387,980 716,980"/>
                <pc:Word id="region0001_line0012_word0000">
                    <pc:Coords points="716,941 776,941 776,974 716,974"/>
                    <pc:TextEquiv conf="0.927884521484375">
                        <pc:Unicode>Und</pc:Unicode>
                    </pc:TextEquiv>
                </pc:Word>
                <pc:Word id="region0001_line0012_word0001">
                    <pc:Coords points="797,951 871,951 871,972 797,972"/>
                    <pc:TextEquiv conf="0.924511108398438">
                        <pc:Unicode>wenn</pc:Unicode>
                    </pc:TextEquiv>
                </pc:Word>
                <pc:Word id="region0001_line0012_word0002">
                    <pc:Coords points="892,951 947,951 947,973 892,973"/>
                    <pc:TextEquiv conf="0.924511108398438">
                        <pc:Unicode>mer</pc:Unicode>
                    </pc:TextEquiv>
                </pc:Word>
                <pc:Word id="region0001_line0012_word0003">
                    <pc:Coords points="969,942 1008,942 1008,972 969,972"/>
                    <pc:TextEquiv conf="0.927398910522461">
                        <pc:Unicode>die</pc:Unicode>
                    </pc:TextEquiv>
                </pc:Word>
                <pc:Word id="region0001_line0012_word0004">
                    <pc:Coords points="1028,950 1092,950 1092,980 1028,980"/>
                    <pc:TextEquiv conf="0.930095367431641">
                        <pc:Unicode>ganz</pc:Unicode>
                    </pc:TextEquiv>
                </pc:Word>
                <pc:Word id="region0001_line0012_word0005">
                    <pc:Coords points="1114,939 1241,939 1241,977 1114,977"/>
                    <pc:TextEquiv conf="0.546232643127441">
                        <pc:Unicode>Gſchicht</pc:Unicode>
                    </pc:TextEquiv>
                </pc:Word>
                <pc:Word id="region0001_line0012_word0006">
                    <pc:Coords points="1259,937 1387,937 1387,975 1259,975"/>
                    <pc:TextEquiv conf="0.87764892578125">
                        <pc:Unicode>betracht,</pc:Unicode>
                    </pc:TextEquiv>
                </pc:Word>
                <pc:TextEquiv conf="0.865468940734863">
                    <pc:Unicode>Und wenn mer die ganz Gſchicht betracht,</pc:Unicode>
                </pc:TextEquiv>
            </pc:TextLine>
            <pc:TextLine id="region0001_line0013">
                <pc:Coords points="717,994 1342,994 1342,1038 717,1038"/>
                <pc:Word id="region0001_line0013_word0000">
                    <pc:Coords points="717,997 793,997 793,1038 717,1038"/>
                    <pc:TextEquiv conf="0.929734344482422">
                        <pc:Unicode>Haut</pc:Unicode>
                    </pc:TextEquiv>
                </pc:Word>
                <pc:Word id="region0001_line0013_word0001">
                    <pc:Coords points="813,1004 900,1004 900,1032 813,1032"/>
                    <pc:TextEquiv conf="0.898459930419922">
                        <pc:Unicode>aner'n</pc:Unicode>
                    </pc:TextEquiv>
                </pc:Word>
                <pc:Word id="region0001_line0013_word0002">
                    <pc:Coords points="920,1002 1044,1002 1044,1031 920,1031"/>
                    <pc:TextEquiv conf="0.852650604248047">
                        <pc:Unicode>nandern</pc:Unicode>
                    </pc:TextEquiv>
                </pc:Word>
                <pc:Word id="region0001_line0013_word0003">
                    <pc:Coords points="1066,997 1202,997 1202,1037 1066,1037"/>
                    <pc:TextEquiv conf="0.877841491699219">
                        <pc:Unicode>forchtſam</pc:Unicode>
                    </pc:TextEquiv>
                </pc:Word>
                <pc:Word id="region0001_line0013_word0004">
                    <pc:Coords points="1223,994 1342,994 1342,1035 1223,1035"/>
                    <pc:TextEquiv conf="0.90082649230957">
                        <pc:Unicode>g'macht.</pc:Unicode>
                    </pc:TextEquiv>
                </pc:Word>
                <pc:TextEquiv conf="0.891902572631836">
                    <pc:Unicode>Haut aner'n nandern forchtſam g'macht.</pc:Unicode>
                </pc:TextEquiv>
            </pc:TextLine>
            <pc:TextEquiv conf="0.883210521983451">
                <pc:Unicode>A jeder flougt und ſchwuͤrt noh deraf,
Die Thuͤr iß zwaamauhl ganga af.
Und woͤi mers nau haut roͤcht betracht,
Hauc doͤs der Zug von Fenſter g'macht.
Oeiz wos iß weiter z'mach'n dau,
Annander hob'ns ausg'lacht nau.
Oeiz mach'ns ſchoͤi die Fenſter zou,
Und lieg'n ſih nohmauhl zor Rouh.
In andern Tog nau in der Froͤih,
Dau haͤit mer ſoll'n haͤiern, woͤi
A jeder ſih dau g'lacht haut ſatt,
Und woͤi er haut Coraſchi g'hat.
Und wenn mer die ganz Gſchicht betracht,
Haut aner'n nandern forchtſam g'macht.</pc:Unicode>
            </pc:TextEquiv>
        </pc:TextRegion>
        <pc:ImageRegion id="region0000" orientation="0.117314328668158">
            <pc:Coords points="0,0 340,0 340,2271 0,2271"/>
        </pc:ImageRegion>
        <pc:ImageRegion id="region0002" orientation="0.117314328668158">
            <pc:Coords points="925,1226 1192,1226 1192,1369 925,1369"/>
        </pc:ImageRegion>
    </pc:Page>
</pc:PcGts>
