2000 2271
659 273 728 313 Mih
748 273 850 311 freuts,
873 272 924 310 daß
947 271 973 310 ih
996 270 1035 301 die
1058 270 1140 310 Eiher
1164 269 1231 310 hob,

660 331 719 370 Ihr
741 331 797 369 ſeyd
820 329 879 367 doch
903 328 989 367 gſſund
1013 330 1064 358 und
1086 328 1177 368 wuhl?
1200 327 1331 360 Gottlob!

662 388 724 420 Und
747 393 803 418 wos
826 395 880 416 mer
901 395 952 416 nau
973 385 1023 424 noh
1045 384 1138 423 ſunſt'n
1160 385 1232 423 ſagt,

663 445 724 477 Und
747 443 798 475 woͤi
820 453 876 474 mer
897 442 1112 480 Cumplament'n
1134 441 1227 478 macht.

664 502 733 534 Mer
755 502 781 541 iß
803 501 950 540 vergnoͤgt,
972 509 1027 530 mer
1050 498 1126 530 trinkt
1148 501 1199 529 und
1223 499 1278 538 ißt,

666 559 739 596 Su,
760 559 812 598 daß
835 567 908 588 mern
931 556 1062 594 Schlauff
1080 554 1179 595 beynah
1205 555 1316 593 vergißt.

668 616 746 654 Doch
768 624 842 646 wenn
864 620 934 645 mers
957 613 1012 653 halt
1035 613 1061 651 ſu
1083 612 1160 644 treibt
1181 614 1208 644 in
1229 612 1336 651 d'Läng,

669 673 745 712 Haut
767 672 852 710 geſſen
873 673 926 701 und
947 669 1004 709 niht
1027 670 1126 700 trunk'n
1147 675 1259 708 z'weng,

670 730 721 763 So
741 731 768 769 iß
789 729 830 766 nix
854 727 931 767 beſſer
952 728 994 758 als
1017 728 1056 758 die
1079 727 1179 766 Rouh,

671 788 731 820 Und
753 787 778 825 ſu
800 786 887 825 geihts
910 784 948 823 diz
969 787 1021 815 dau
1043 784 1078 823 ah
1100 784 1171 822 d'raf
1188 793 1244 822 zou.

671 843 738 882 Oeiz
760 844 785 874 in
809 852 842 873 an
864 842 983 879 Zimmer
1004 841 1080 878 lieg'n
1103 850 1189 879 zwey,

671 901 733 933 Der
757 900 828 931 dritt'
851 902 894 929 der
916 900 995 937 mouß
1017 901 1076 929 dort
1097 897 1177 929 nuͤber
1197 898 1265 937 geih.

672 958 739 997 Oeiz
760 956 905 995 ſchlauffns
927 956 971 986 alli
993 953 1056 993 ſchoͤ
1078 957 1129 985 und
1151 961 1234 992 gout,

675 1015 727 1047 Su
750 1013 864 1052 praͤchti,
886 1013 929 1044 als
953 1019 1024 1044 mers
1046 1011 1172 1050 wuͤnſch'n
1195 1011 1277 1051 thout.

677 1067 730 1111 Wer
746 1067 831 1111 ſtellt
855 1071 891 1111 ſih
914 1069 974 1101 ober
996 1069 1044 1100 doͤs
1067 1069 1104 1108 öiz
1124 1067 1192 1105 vuͤr,

679 1132 758 1168 Ganz
779 1129 877 1166 deutlih
901 1129 970 1165 geiht
995 1127 1031 1164 diz
1052 1127 1083 1162 af
1100 1127 1140 1155 die
1161 1125 1254 1163 Thuͤr,

677 1187 780 1226 Horch!
804 1185 857 1222 ſagt
879 1187 922 1214 der
944 1184 996 1223 ah,
1019 1187 1047 1211 es
1068 1180 1168 1210 kummt
1189 1181 1213 1216 jo
1237 1185 1296 1209 ans.

678 1244 740 1275 Der
762 1245 841 1273 ander
863 1240 936 1278 ſagt;
960 1238 1003 1277 Ib
1024 1236 1082 1277 ſiech
1101 1236 1126 1274 jo
1148 1235 1220 1266 kans.

680 1300 737 1332 Die
758 1297 834 1337 Thuͤr
856 1296 906 1336 hob
930 1297 956 1336 ih
977 1294 1049 1340 wuhl
1068 1292 1177 1333 glhäiert
1199 1293 1234 1332 ah

682 1356 838 1395 Afmach'n,
861 1353 912 1391 ſcho
936 1363 952 1384 a
973 1351 1068 1390 mauhl
1082 1360 1108 1381 er
1129 1359 1192 1388 zwa.

684 1413 734 1445 Es
750 1413 777 1451 iß
796 1411 846 1442 mei
867 1411 939 1443 Seel
962 1409 989 1440 in
1011 1409 1091 1447 Haus
1114 1413 1170 1438 wos
1192 1407 1286 1443 drinn,

685 1468 738 1501 Su
759 1476 845 1499 wauer
868 1467 909 1497 als
931 1466 958 1505 ih
979 1464 1019 1496 leb
1041 1468 1093 1496 und
1115 1464 1179 1496 bin!

686 1525 751 1557 Mir
772 1525 857 1555 wolln
877 1523 984 1562 allizwei
1006 1522 1113 1561 afſteih,

687 1583 747 1615 Und
769 1580 850 1612 nuͤber
870 1580 1002 1618 g'ſſchwind
1023 1589 1069 1619 zon
1091 1577 1197 1609 Doctor
1217 1576 1284 1616 geih.

688 1638 753 1678 Oeiz
776 1638 894 1670 kummes
916 1637 971 1677 halt
992 1637 1019 1667 in
1041 1634 1113 1665 vul'n
1133 1634 1191 1672 Laf,

689 1695 749 1729 Und
769 1696 858 1728 weck'en
877 1698 925 1728 den
945 1702 996 1725 von
1017 1691 1089 1725 Bett
1110 1691 1243 1730 g'ſchwind
1264 1690 1300 1729 af.
