<?xml version="1.0" encoding="UTF-8"?>
<pc:PcGts xmlns:pc="http://schema.primaresearch.org/PAGE/gts/pagecontent/2019-07-15" xmlns:xsi="http://www.w3.org/2001/XMLSchema-instance" xsi:schemaLocation="http://schema.primaresearch.org/PAGE/gts/pagecontent/2019-07-15 http://schema.primaresearch.org/PAGE/gts/pagecontent/2019-07-15/pagecontent.xsd" pcGtsId="OCR-D-OCR_0001">
    <pc:Metadata>
        <pc:Creator>OCR-D/core 2.71.0</pc:Creator>
        <pc:Created>2025-04-10T09:23:36.890052</pc:Created>
        <pc:LastChange>2025-04-10T09:23:36.890052</pc:LastChange>
        <pc:MetadataItem type="processingStep" name="layout/segmentation/region" value="ocrd-tesserocr-recognize">
            <pc:Labels externalModel="ocrd-tool" externalId="parameters">
                <pc:Label value="region" type="segmentation_level"/>
                <pc:Label value="word" type="textequiv_level"/>
                <pc:Label value="True" type="find_tables"/>
                <pc:Label value="german_print" type="model"/>
                <pc:Label value="0" type="dpi"/>
                <pc:Label value="0" type="padding"/>
                <pc:Label value="False" type="overwrite_segments"/>
                <pc:Label value="True" type="overwrite_text"/>
                <pc:Label value="False" type="shrink_polygons"/>
                <pc:Label value="False" type="block_polygons"/>
                <pc:Label value="False" type="find_staves"/>
                <pc:Label value="False" type="sparse_text"/>
                <pc:Label value="False" type="raw_lines"/>
                <pc:Label value="" type="char_whitelist"/>
                <pc:Label value="" type="char_blacklist"/>
                <pc:Label value="" type="char_unblacklist"/>
                <pc:Label value="{}" type="tesseract_parameters"/>
                <pc:Label value="{}" type="xpath_parameters"/>
                <pc:Label value="{}" type="xpath_model"/>
                <pc:Label value="False" type="auto_model"/>
                <pc:Label value="DEFAULT" type="oem"/>
            </pc:Labels>
            <pc:Labels externalModel="ocrd-tool" externalId="version">
                <pc:Label value="0.19.1 (tesseract 5.4.1)" type="ocrd-tesserocr-recognize"/>
                <pc:Label value="2.71.0" type="ocrd/core"/>
            </pc:Labels>
        </pc:MetadataItem>
    </pc:Metadata>
    <pc:Page imageFilename="GT-PAGE/hohberg_georgica01_1682_0011.tif" imageWidth="2826" imageHeight="4003">
        <pc:AlternativeImage filename="OCR-D-OCR/OCR-D-OCR_0001.IMG-BIN.png" comments=",binarized,clipped"/>
        <pc:ReadingOrder>
            <pc:OrderedGroup id="reading-order">
                <pc:RegionRefIndexed index="1" regionRef="region0001"/>
                <pc:RegionRefIndexed index="2" regionRef="region0002"/>
                <pc:RegionRefIndexed index="4" regionRef="region0004"/>
                <pc:RegionRefIndexed index="5" regionRef="region0005"/>
                <pc:RegionRefIndexed index="8" regionRef="region0008"/>
                <pc:RegionRefIndexed index="9" regionRef="region0009"/>
                <pc:RegionRefIndexed index="10" regionRef="region0010"/>
                <pc:RegionRefIndexed index="11" regionRef="region0011"/>
                <pc:RegionRefIndexed index="13" regionRef="region0013"/>
                <pc:RegionRefIndexed index="14" regionRef="region0014"/>
                <pc:RegionRefIndexed index="15" regionRef="region0015"/>
                <pc:RegionRefIndexed index="21" regionRef="region0021"/>
            </pc:OrderedGroup>
        </pc:ReadingOrder>
        <pc:TextRegion id="region0004" orientation="0.43710926843579" readingDirection="left-to-right" textLineOrder="top-to-bottom">
            <pc:Coords points="792,445 1900,445 1900,540 792,540"/>
            <pc:TextLine id="region0004_line0000">
                <pc:Coords points="792,445 1900,445 1900,540 792,540"/>
                <pc:Word id="region0004_line0000_word0000">
                    <pc:Coords points="792,445 1176,445 1176,540 792,540"/>
                    <pc:TextEquiv conf="0.915215835571289">
                        <pc:Unicode>Vorrede</pc:Unicode>
                    </pc:TextEquiv>
                </pc:Word>
                <pc:Word id="region0004_line0000_word0001">
                    <pc:Coords points="1168,445 1106,445 1106,540 1168,540"/>
                    <pc:TextEquiv conf="0.919544143676758">
                        <pc:Unicode>an</pc:Unicode>
                    </pc:TextEquiv>
                </pc:Word>
                <pc:Word id="region0004_line0000_word0002">
                    <pc:Coords points="1186,453 1296,453 1296,522 1186,522"/>
                    <pc:TextEquiv conf="0.901756591796875">
                        <pc:Unicode>den</pc:Unicode>
                    </pc:TextEquiv>
                </pc:Word>
                <pc:Word id="region0004_line0000_word0003">
                    <pc:Coords points="1308,445 1734,445 1734,536 1308,536"/>
                    <pc:TextEquiv conf="0.629349708557129">
                        <pc:Unicode>großguͤnſtigen</pc:Unicode>
                    </pc:TextEquiv>
                </pc:Word>
                <pc:Word id="region0004_line0000_word0004">
                    <pc:Coords points="1745,452 1900,452 1900,538 1745,538"/>
                    <pc:TextEquiv conf="0.876879043579102">
                        <pc:Unicode>Leſer.</pc:Unicode>
                    </pc:TextEquiv>
                </pc:Word>
                <pc:TextEquiv conf="0.84854906463623">
                    <pc:Unicode>Vorrede an den großguͤnſtigen Leſer.</pc:Unicode>
                </pc:TextEquiv>
            </pc:TextLine>
            <pc:TextEquiv conf="0.84854906463623">
                <pc:Unicode>Vorrede an den großguͤnſtigen Leſer.</pc:Unicode>
            </pc:TextEquiv>
        </pc:TextRegion>
        <pc:TextRegion id="region0005" orientation="0.43710926843579" readingDirection="left-to-right" textLineOrder="top-to-bottom">
            <pc:Coords points="361,571 2386,571 2386,1152 361,1152"/>
            <pc:TextLine id="region0005_line0000">
                <pc:Coords points="623,571 2362,571 2362,649 623,649"/>
                <pc:Word id="region0005_line0000_word0000">
                    <pc:Coords points="824,574 623,574 623,649 824,649"/>
                    <pc:TextEquiv conf="0.182564392089844">
                        <pc:Unicode>16</pc:Unicode>
                    </pc:TextEquiv>
                </pc:Word>
                <pc:Word id="region0005_line0000_word0001">
                    <pc:Coords points="834,575 953,575 953,643 834,643"/>
                    <pc:TextEquiv conf="0.841083984375">
                        <pc:Unicode>muß</pc:Unicode>
                    </pc:TextEquiv>
                </pc:Word>
                <pc:Word id="region0005_line0000_word0002">
                    <pc:Coords points="967,571 1057,571 1057,641 967,641"/>
                    <pc:TextEquiv conf="0.772000122070313">
                        <pc:Unicode>frey</pc:Unicode>
                    </pc:TextEquiv>
                </pc:Word>
                <pc:Word id="region0005_line0000_word0003">
                    <pc:Coords points="1068,572 1291,572 1291,639 1068,639"/>
                    <pc:TextEquiv conf="0.684609985351562">
                        <pc:Unicode>bekennen</pc:Unicode>
                    </pc:TextEquiv>
                </pc:Word>
                <pc:Word id="region0005_line0000_word0004">
                    <pc:Coords points="1309,589 1325,589 1325,627 1309,627"/>
                    <pc:TextEquiv conf="0.684609985351562">
                        <pc:Unicode>/</pc:Unicode>
                    </pc:TextEquiv>
                </pc:Word>
                <pc:Word id="region0005_line0000_word0005">
                    <pc:Coords points="1334,573 1431,573 1431,649 1334,649"/>
                    <pc:TextEquiv conf="0.829111328125">
                        <pc:Unicode>daß</pc:Unicode>
                    </pc:TextEquiv>
                </pc:Word>
                <pc:Word id="region0005_line0000_word0006">
                    <pc:Coords points="1443,578 1520,578 1520,628 1443,628"/>
                    <pc:TextEquiv conf="0.912184753417969">
                        <pc:Unicode>ein</pc:Unicode>
                    </pc:TextEquiv>
                </pc:Word>
                <pc:Word id="region0005_line0000_word0007">
                    <pc:Coords points="1533,573 1642,573 1642,643 1533,643"/>
                    <pc:TextEquiv conf="0.849985122680664">
                        <pc:Unicode>ſolch</pc:Unicode>
                    </pc:TextEquiv>
                </pc:Word>
                <pc:Word id="region0005_line0000_word0008">
                    <pc:Coords points="1662,578 1985,578 1985,646 1662,646"/>
                    <pc:TextEquiv conf="0.502481460571289">
                        <pc:Unicode>weitlaͤuffiges</pc:Unicode>
                    </pc:TextEquiv>
                </pc:Word>
                <pc:Word id="region0005_line0000_word0009">
                    <pc:Coords points="1998,572 2158,572 2158,635 1998,635"/>
                    <pc:TextEquiv conf="0.928143005371094">
                        <pc:Unicode>Werck</pc:Unicode>
                    </pc:TextEquiv>
                </pc:Word>
                <pc:Word id="region0005_line0000_word0010">
                    <pc:Coords points="2175,592 2266,592 2266,640 2175,640"/>
                    <pc:TextEquiv conf="0.93048828125">
                        <pc:Unicode>von</pc:Unicode>
                    </pc:TextEquiv>
                </pc:Word>
                <pc:Word id="region0005_line0000_word0011">
                    <pc:Coords points="2285,588 2362,588 2362,642 2285,642"/>
                    <pc:TextEquiv conf="0.931746444702148">
                        <pc:Unicode>der</pc:Unicode>
                    </pc:TextEquiv>
                </pc:Word>
                <pc:TextEquiv conf="0.754084072113037">
                    <pc:Unicode>16 muß frey bekennen / daß ein ſolch weitlaͤuffiges Werck von der</pc:Unicode>
                </pc:TextEquiv>
            </pc:TextLine>
            <pc:TextLine id="region0005_line0001">
                <pc:Coords points="727,643 2362,643 2362,722 727,722"/>
                <pc:Word id="region0005_line0001_word0000">
                    <pc:Coords points="727,651 1006,651 1006,722 727,722"/>
                    <pc:TextEquiv conf="0.817509613037109">
                        <pc:Unicode>Oeconomia</pc:Unicode>
                    </pc:TextEquiv>
                </pc:Word>
                <pc:Word id="region0005_line0001_word0001">
                    <pc:Coords points="1016,657 1070,657 1070,719 1016,719"/>
                    <pc:TextEquiv conf="0.690083236694336">
                        <pc:Unicode>zu</pc:Unicode>
                    </pc:TextEquiv>
                </pc:Word>
                <pc:Word id="region0005_line0001_word0002">
                    <pc:Coords points="1078,643 1382,643 1382,720 1078,720"/>
                    <pc:TextEquiv conf="0.369792938232422">
                        <pc:Unicode>ſchreiben</pc:Unicode>
                    </pc:TextEquiv>
                </pc:Word>
                <pc:Word id="region0005_line0001_word0003">
                    <pc:Coords points="1316,643 1300,643 1300,722 1316,722"/>
                    <pc:TextEquiv conf="0.369792938232422">
                        <pc:Unicode>/</pc:Unicode>
                    </pc:TextEquiv>
                </pc:Word>
                <pc:Word id="region0005_line0001_word0004">
                    <pc:Coords points="1393,643 1330,643 1330,722 1393,722"/>
                    <pc:TextEquiv conf="0.754876556396484">
                        <pc:Unicode>ich</pc:Unicode>
                    </pc:TextEquiv>
                </pc:Word>
                <pc:Word id="region0005_line0001_word0005">
                    <pc:Coords points="1395,648 1730,648 1730,703 1395,703"/>
                    <pc:TextEquiv conf="0.916489791870117">
                        <pc:Unicode>memaln</pc:Unicode>
                    </pc:TextEquiv>
                </pc:Word>
                <pc:Word id="region0005_line0001_word0006">
                    <pc:Coords points="1623,643 1600,643 1600,722 1623,722"/>
                    <pc:TextEquiv conf="0.909033813476563">
                        <pc:Unicode>/</pc:Unicode>
                    </pc:TextEquiv>
                </pc:Word>
                <pc:Word id="region0005_line0001_word0007">
                    <pc:Coords points="1638,648 1728,648 1728,703 1638,703"/>
                    <pc:TextEquiv conf="0.917952880859375">
                        <pc:Unicode>aber</pc:Unicode>
                    </pc:TextEquiv>
                </pc:Word>
                <pc:Word id="region0005_line0001_word0008">
                    <pc:Coords points="1739,655 1826,655 1826,706 1739,706"/>
                    <pc:TextEquiv conf="0.926299285888672">
                        <pc:Unicode>wol</pc:Unicode>
                    </pc:TextEquiv>
                </pc:Word>
                <pc:Word id="region0005_line0001_word0009">
                    <pc:Coords points="1834,663 1914,663 1914,706 1834,706"/>
                    <pc:TextEquiv conf="0.893806076049805">
                        <pc:Unicode>vor</pc:Unicode>
                    </pc:TextEquiv>
                </pc:Word>
                <pc:Word id="region0005_line0001_word0010">
                    <pc:Coords points="1923,649 2048,649 2048,717 1923,717"/>
                    <pc:TextEquiv conf="0.893806076049805">
                        <pc:Unicode>etlich</pc:Unicode>
                    </pc:TextEquiv>
                </pc:Word>
                <pc:Word id="region0005_line0001_word0011">
                    <pc:Coords points="2058,656 2151,656 2151,708 2058,708"/>
                    <pc:TextEquiv conf="0.913077926635742">
                        <pc:Unicode>und</pc:Unicode>
                    </pc:TextEquiv>
                </pc:Word>
                <pc:Word id="region0005_line0001_word0012">
                    <pc:Coords points="2162,661 2362,661 2362,721 2162,721"/>
                    <pc:TextEquiv conf="0.913077926635742">
                        <pc:Unicode>zwanzig</pc:Unicode>
                    </pc:TextEquiv>
                </pc:Word>
                <pc:TextEquiv conf="0.791199927696815">
                    <pc:Unicode>Oeconomia zu ſchreiben / ich memaln / aber wol vor etlich und zwanzig</pc:Unicode>
                </pc:TextEquiv>
            </pc:TextLine>
            <pc:TextLine id="region0005_line0002">
                <pc:Coords points="763,713 2360,713 2360,791 763,791"/>
                <pc:Word id="region0005_line0002_word0000">
                    <pc:Coords points="763,720 907,720 907,789 763,789"/>
                    <pc:TextEquiv conf="0.868362579345703">
                        <pc:Unicode>ahren</pc:Unicode>
                    </pc:TextEquiv>
                </pc:Word>
                <pc:Word id="region0005_line0002_word0001">
                    <pc:Coords points="916,720 985,720 985,770 916,770"/>
                    <pc:TextEquiv conf="0.88624755859375">
                        <pc:Unicode>die</pc:Unicode>
                    </pc:TextEquiv>
                </pc:Word>
                <pc:Word id="region0005_line0002_word0002">
                    <pc:Coords points="995,719 1217,719 1217,790 995,790"/>
                    <pc:TextEquiv conf="0.917701797485352">
                        <pc:Unicode>Georgica</pc:Unicode>
                    </pc:TextEquiv>
                </pc:Word>
                <pc:Word id="region0005_line0002_word0003">
                    <pc:Coords points="1227,713 1324,713 1324,780 1227,780"/>
                    <pc:TextEquiv conf="0.569682884216309">
                        <pc:Unicode>guf</pc:Unicode>
                    </pc:TextEquiv>
                </pc:Word>
                <pc:Word id="region0005_line0002_word0004">
                    <pc:Coords points="1332,721 1422,721 1422,771 1332,771"/>
                    <pc:TextEquiv conf="0.89858154296875">
                        <pc:Unicode>das</pc:Unicode>
                    </pc:TextEquiv>
                </pc:Word>
                <pc:Word id="region0005_line0002_word0005">
                    <pc:Coords points="1434,718 1629,718 1629,786 1434,786"/>
                    <pc:TextEquiv conf="0.784147644042969">
                        <pc:Unicode>kuͤrtzeſte</pc:Unicode>
                    </pc:TextEquiv>
                </pc:Word>
                <pc:Word id="region0005_line0002_word0006">
                    <pc:Coords points="1641,717 1882,717 1882,790 1641,790"/>
                    <pc:TextEquiv conf="0.914252624511719">
                        <pc:Unicode>Verſweiſe</pc:Unicode>
                    </pc:TextEquiv>
                </pc:Word>
                <pc:Word id="region0005_line0002_word0007">
                    <pc:Coords points="1894,719 2156,719 2156,791 1894,791"/>
                    <pc:TextEquiv conf="0.922615966796875">
                        <pc:Unicode>aufzuſetzen</pc:Unicode>
                    </pc:TextEquiv>
                </pc:Word>
                <pc:Word id="region0005_line0002_word0008">
                    <pc:Coords points="2178,725 2360,725 2360,779 2178,779"/>
                    <pc:TextEquiv conf="0.908712692260742">
                        <pc:Unicode>willens</pc:Unicode>
                    </pc:TextEquiv>
                </pc:Word>
                <pc:TextEquiv conf="0.852256143358019">
                    <pc:Unicode>ahren die Georgica guf das kuͤrtzeſte Verſweiſe aufzuſetzen willens</pc:Unicode>
                </pc:TextEquiv>
            </pc:TextLine>
            <pc:TextLine id="region0005_line0003">
                <pc:Coords points="752,785 2359,785 2359,863 752,863"/>
                <pc:Word id="region0005_line0003_word0000">
                    <pc:Coords points="752,787 944,787 944,863 752,863"/>
                    <pc:TextEquiv conf="0.65355354309082">
                        <pc:Unicode>eweſen</pc:Unicode>
                    </pc:TextEquiv>
                </pc:Word>
                <pc:Word id="region0005_line0003_word0001">
                    <pc:Coords points="947,785 925,785 925,863 947,863"/>
                    <pc:TextEquiv conf="0.881909713745117">
                        <pc:Unicode>/</pc:Unicode>
                    </pc:TextEquiv>
                </pc:Word>
                <pc:Word id="region0005_line0003_word0002">
                    <pc:Coords points="962,790 1047,790 1047,842 962,842"/>
                    <pc:TextEquiv conf="0.925240173339844">
                        <pc:Unicode>wie</pc:Unicode>
                    </pc:TextEquiv>
                </pc:Word>
                <pc:Word id="region0005_line0003_word0003">
                    <pc:Coords points="1066,787 1131,787 1131,850 1066,850"/>
                    <pc:TextEquiv conf="0.929863891601562">
                        <pc:Unicode>ich</pc:Unicode>
                    </pc:TextEquiv>
                </pc:Word>
                <pc:Word id="region0005_line0003_word0004">
                    <pc:Coords points="1155,785 1263,785 1263,842 1155,842"/>
                    <pc:TextEquiv conf="0.761380081176758">
                        <pc:Unicode>aber</pc:Unicode>
                    </pc:TextEquiv>
                </pc:Word>
                <pc:Word id="region0005_line0003_word0005">
                    <pc:Coords points="1284,791 1375,791 1375,840 1284,840"/>
                    <pc:TextEquiv conf="0.903718566894531">
                        <pc:Unicode>das</pc:Unicode>
                    </pc:TextEquiv>
                </pc:Word>
                <pc:Word id="region0005_line0003_word0006">
                    <pc:Coords points="1388,789 1545,789 1545,860 1388,860"/>
                    <pc:TextEquiv conf="0.903718566894531">
                        <pc:Unicode>letztere</pc:Unicode>
                    </pc:TextEquiv>
                </pc:Word>
                <pc:Word id="region0005_line0003_word0007">
                    <pc:Coords points="1566,787 1670,787 1670,844 1566,844"/>
                    <pc:TextEquiv conf="0.914436950683594">
                        <pc:Unicode>bald</pc:Unicode>
                    </pc:TextEquiv>
                </pc:Word>
                <pc:Word id="region0005_line0003_word0008">
                    <pc:Coords points="1687,797 1868,797 1868,855 1687,855"/>
                    <pc:TextEquiv conf="0.693117294311523">
                        <pc:Unicode>geendet</pc:Unicode>
                    </pc:TextEquiv>
                </pc:Word>
                <pc:Word id="region0005_line0003_word0009">
                    <pc:Coords points="1893,804 1904,804 1904,844 1893,844"/>
                    <pc:TextEquiv conf="0.693009948730469">
                        <pc:Unicode>/</pc:Unicode>
                    </pc:TextEquiv>
                </pc:Word>
                <pc:Word id="region0005_line0003_word0010">
                    <pc:Coords points="1914,800 2010,800 2010,848 1914,848"/>
                    <pc:TextEquiv conf="0.90682258605957">
                        <pc:Unicode>und</pc:Unicode>
                    </pc:TextEquiv>
                </pc:Word>
                <pc:Word id="region0005_line0003_word0011">
                    <pc:Coords points="2030,797 2212,797 2212,858 2030,858"/>
                    <pc:TextEquiv conf="0.903244400024414">
                        <pc:Unicode>etlichen</pc:Unicode>
                    </pc:TextEquiv>
                </pc:Word>
                <pc:Word id="region0005_line0003_word0012">
                    <pc:Coords points="2227,807 2359,807 2359,861 2227,861"/>
                    <pc:TextEquiv conf="0.930619735717773">
                        <pc:Unicode>guten</pc:Unicode>
                    </pc:TextEquiv>
                </pc:Word>
                <pc:TextEquiv conf="0.846202727097731">
                    <pc:Unicode>eweſen / wie ich aber das letztere bald geendet / und etlichen guten</pc:Unicode>
                </pc:TextEquiv>
            </pc:TextLine>
            <pc:TextLine id="region0005_line0004">
                <pc:Coords points="371,856 2360,856 2360,936 371,936"/>
                <pc:Word id="region0005_line0004_word0000">
                    <pc:Coords points="371,909 438,909 438,932 371,932"/>
                    <pc:TextEquiv conf="0.733954620361328">
                        <pc:Unicode>—</pc:Unicode>
                    </pc:TextEquiv>
                </pc:Word>
                <pc:Word id="region0005_line0004_word0001">
                    <pc:Coords points="605,889 616,889 616,893 605,893"/>
                    <pc:TextEquiv conf="0.630194625854492">
                        <pc:Unicode>—</pc:Unicode>
                    </pc:TextEquiv>
                </pc:Word>
                <pc:Word id="region0005_line0004_word0002">
                    <pc:Coords points="721,862 958,862 958,928 721,928"/>
                    <pc:TextEquiv conf="0.027452697753906">
                        <pc:Unicode>Preunden</pc:Unicode>
                    </pc:TextEquiv>
                </pc:Word>
                <pc:Word id="region0005_line0004_word0003">
                    <pc:Coords points="980,864 1064,864 1064,935 980,935"/>
                    <pc:TextEquiv conf="0.928687057495117">
                        <pc:Unicode>und</pc:Unicode>
                    </pc:TextEquiv>
                </pc:Word>
                <pc:Word id="region0005_line0004_word0004">
                    <pc:Coords points="1067,856 1403,856 1403,935 1067,935"/>
                    <pc:TextEquiv conf="0.483880424499512">
                        <pc:Unicode>Goͤnnern</pc:Unicode>
                    </pc:TextEquiv>
                </pc:Word>
                <pc:Word id="region0005_line0004_word0005">
                    <pc:Coords points="1322,856 1306,856 1306,936 1322,936"/>
                    <pc:TextEquiv conf="0.77711311340332">
                        <pc:Unicode>/</pc:Unicode>
                    </pc:TextEquiv>
                </pc:Word>
                <pc:Word id="region0005_line0004_word0006">
                    <pc:Coords points="1390,856 1336,856 1336,936 1390,936"/>
                    <pc:TextEquiv conf="0.75172607421875">
                        <pc:Unicode>als</pc:Unicode>
                    </pc:TextEquiv>
                </pc:Word>
                <pc:Word id="region0005_line0004_word0007">
                    <pc:Coords points="1412,858 1800,858 1800,926 1412,926"/>
                    <pc:TextEquiv conf="0.357698669433594">
                        <pc:Unicode>ſondeꝛlich</pc:Unicode>
                    </pc:TextEquiv>
                </pc:Word>
                <pc:Word id="region0005_line0004_word0008">
                    <pc:Coords points="1671,856 1647,856 1647,936 1671,936"/>
                    <pc:TextEquiv conf="0.748620986938477">
                        <pc:Unicode>/</pc:Unicode>
                    </pc:TextEquiv>
                </pc:Word>
                <pc:Word id="region0005_line0004_word0009">
                    <pc:Coords points="1685,858 1800,858 1800,926 1685,926"/>
                    <pc:TextEquiv conf="0.846772232055664">
                        <pc:Unicode>denen</pc:Unicode>
                    </pc:TextEquiv>
                </pc:Word>
                <pc:Word id="region0005_line0004_word0010">
                    <pc:Coords points="1810,866 2001,866 2001,934 1810,934"/>
                    <pc:TextEquiv conf="0.8304638671875">
                        <pc:Unicode>numehr</pc:Unicode>
                    </pc:TextEquiv>
                </pc:Word>
                <pc:Word id="region0005_line0004_word0011">
                    <pc:Coords points="2009,864 2170,864 2170,922 2009,922"/>
                    <pc:TextEquiv conf="0.8304638671875">
                        <pc:Unicode>beeden</pc:Unicode>
                    </pc:TextEquiv>
                </pc:Word>
                <pc:Word id="region0005_line0004_word0012">
                    <pc:Coords points="2182,862 2360,862 2360,936 2182,936"/>
                    <pc:TextEquiv conf="0.891050720214844">
                        <pc:Unicode>ſeeligen</pc:Unicode>
                    </pc:TextEquiv>
                </pc:Word>
                <pc:TextEquiv conf="0.679852227431077">
                    <pc:Unicode>— — Preunden und Goͤnnern / als ſondeꝛlich / denen numehr beeden ſeeligen</pc:Unicode>
                </pc:TextEquiv>
            </pc:TextLine>
            <pc:TextLine id="region0005_line0005">
                <pc:Coords points="362,925 2386,925 2386,1008 362,1008"/>
                <pc:Word id="region0005_line0005_word0000">
                    <pc:Coords points="362,943 729,943 729,1007 362,1007"/>
                    <pc:TextEquiv conf="0.886193771362305">
                        <pc:Unicode>Kunſtliebenden</pc:Unicode>
                    </pc:TextEquiv>
                </pc:Word>
                <pc:Word id="region0005_line0005_word0001">
                    <pc:Coords points="750,936 844,936 844,987 750,987"/>
                    <pc:TextEquiv conf="0.923616790771484">
                        <pc:Unicode>und</pc:Unicode>
                    </pc:TextEquiv>
                </pc:Word>
                <pc:Word id="region0005_line0005_word0002">
                    <pc:Coords points="858,925 1221,925 1221,996 858,996"/>
                    <pc:TextEquiv conf="0.865981216430664">
                        <pc:Unicode>Ungluͤckſeligen</pc:Unicode>
                    </pc:TextEquiv>
                </pc:Word>
                <pc:Word id="region0005_line0005_word0003">
                    <pc:Coords points="1250,947 1257,947 1257,984 1250,984"/>
                    <pc:TextEquiv conf="0.865981216430664">
                        <pc:Unicode>/</pc:Unicode>
                    </pc:TextEquiv>
                </pc:Word>
                <pc:Word id="region0005_line0005_word0004">
                    <pc:Coords points="1268,933 1354,933 1354,983 1268,983"/>
                    <pc:TextEquiv conf="0.869542694091797">
                        <pc:Unicode>wie</pc:Unicode>
                    </pc:TextEquiv>
                </pc:Word>
                <pc:Word id="region0005_line0005_word0005">
                    <pc:Coords points="1372,931 1484,931 1484,996 1372,996"/>
                    <pc:TextEquiv conf="0.899387130737305">
                        <pc:Unicode>auch</pc:Unicode>
                    </pc:TextEquiv>
                </pc:Word>
                <pc:Word id="region0005_line0005_word0006">
                    <pc:Coords points="1505,937 1681,937 1681,988 1505,988"/>
                    <pc:TextEquiv conf="0.899387130737305">
                        <pc:Unicode>andern</pc:Unicode>
                    </pc:TextEquiv>
                </pc:Word>
                <pc:Word id="region0005_line0005_word0007">
                    <pc:Coords points="1703,936 2105,936 2105,1002 1703,1002"/>
                    <pc:TextEquiv conf="0.916488494873047">
                        <pc:Unicode>unterſchiedlichen</pc:Unicode>
                    </pc:TextEquiv>
                </pc:Word>
                <pc:Word id="region0005_line0005_word0008">
                    <pc:Coords points="2116,937 2327,937 2327,1008 2116,1008"/>
                    <pc:TextEquiv conf="0.745121688842773">
                        <pc:Unicode>gewieſen</pc:Unicode>
                    </pc:TextEquiv>
                </pc:Word>
                <pc:Word id="region0005_line0005_word0009">
                    <pc:Coords points="2340,954 2386,954 2386,1000 2340,1000"/>
                    <pc:TextEquiv conf="0.745121688842773">
                        <pc:Unicode>/</pc:Unicode>
                    </pc:TextEquiv>
                </pc:Word>
                <pc:TextEquiv conf="0.861682182312012">
                    <pc:Unicode>Kunſtliebenden und Ungluͤckſeligen / wie auch andern unterſchiedlichen gewieſen /</pc:Unicode>
                </pc:TextEquiv>
            </pc:TextLine>
            <pc:TextLine id="region0005_line0006">
                <pc:Coords points="363,998 2363,998 2363,1080 363,1080"/>
                <pc:Word id="region0005_line0006_word0000">
                    <pc:Coords points="363,1015 457,1015 457,1068 363,1068"/>
                    <pc:TextEquiv conf="0.923869094848633">
                        <pc:Unicode>und</pc:Unicode>
                    </pc:TextEquiv>
                </pc:Word>
                <pc:Word id="region0005_line0006_word0001">
                    <pc:Coords points="471,1012 572,1012 572,1080 471,1080"/>
                    <pc:TextEquiv conf="0.915667724609375">
                        <pc:Unicode>ihre</pc:Unicode>
                    </pc:TextEquiv>
                </pc:Word>
                <pc:Word id="region0005_line0006_word0002">
                    <pc:Coords points="802,998 606,998 606,1080 802,1080"/>
                    <pc:TextEquiv conf="0.817106628417969">
                        <pc:Unicode>Meinung</pc:Unicode>
                    </pc:TextEquiv>
                </pc:Word>
                <pc:Word id="region0005_line0006_word0003">
                    <pc:Coords points="1019,998 831,998 831,1080 1019,1080"/>
                    <pc:TextEquiv conf="0.817106628417969">
                        <pc:Unicode>verlangt</pc:Unicode>
                    </pc:TextEquiv>
                </pc:Word>
                <pc:Word id="region0005_line0006_word0004">
                    <pc:Coords points="1049,1009 1056,1009 1056,1054 1049,1054"/>
                    <pc:TextEquiv conf="0.869693069458008">
                        <pc:Unicode>/</pc:Unicode>
                    </pc:TextEquiv>
                </pc:Word>
                <pc:Word id="region0005_line0006_word0005">
                    <pc:Coords points="1066,999 1216,999 1216,1079 1066,1079"/>
                    <pc:TextEquiv conf="0.869693069458008">
                        <pc:Unicode>haben</pc:Unicode>
                    </pc:TextEquiv>
                </pc:Word>
                <pc:Word id="region0005_line0006_word0006">
                    <pc:Coords points="1229,998 1286,998 1286,1067 1229,1067"/>
                    <pc:TextEquiv conf="0.931859893798828">
                        <pc:Unicode>ſie</pc:Unicode>
                    </pc:TextEquiv>
                </pc:Word>
                <pc:Word id="region0005_line0006_word0007">
                    <pc:Coords points="1296,1001 1432,1001 1432,1069 1296,1069"/>
                    <pc:TextEquiv conf="0.910253982543945">
                        <pc:Unicode>ihnen</pc:Unicode>
                    </pc:TextEquiv>
                </pc:Word>
                <pc:Word id="region0005_line0006_word0008">
                    <pc:Coords points="1444,1012 1567,1012 1567,1068 1444,1068"/>
                    <pc:TextEquiv conf="0.925402374267578">
                        <pc:Unicode>zwar</pc:Unicode>
                    </pc:TextEquiv>
                </pc:Word>
                <pc:Word id="region0005_line0006_word0009">
                    <pc:Coords points="1576,1008 1722,1008 1722,1062 1576,1062"/>
                    <pc:TextEquiv conf="0.233948974609375">
                        <pc:Unicode>meine</pc:Unicode>
                    </pc:TextEquiv>
                </pc:Word>
                <pc:Word id="region0005_line0006_word0010">
                    <pc:Coords points="1732,1004 1897,1004 1897,1062 1732,1062"/>
                    <pc:TextEquiv conf="0.864262313842773">
                        <pc:Unicode>Arbeit</pc:Unicode>
                    </pc:TextEquiv>
                </pc:Word>
                <pc:Word id="region0005_line0006_word0011">
                    <pc:Coords points="2028,998 1919,998 1919,1080 2028,1080"/>
                    <pc:TextEquiv conf="0.864262313842773">
                        <pc:Unicode>nicht</pc:Unicode>
                    </pc:TextEquiv>
                </pc:Word>
                <pc:Word id="region0005_line0006_word0012">
                    <pc:Coords points="2257,998 2054,998 2054,1080 2257,1080"/>
                    <pc:TextEquiv conf="0.862817077636719">
                        <pc:Unicode>mißfallen</pc:Unicode>
                    </pc:TextEquiv>
                </pc:Word>
                <pc:Word id="region0005_line0006_word0013">
                    <pc:Coords points="2278,1010 2363,1010 2363,1079 2278,1079"/>
                    <pc:TextEquiv conf="0.878708724975586">
                        <pc:Unicode>laſ⸗</pc:Unicode>
                    </pc:TextEquiv>
                </pc:Word>
                <pc:TextEquiv conf="0.834617990766253">
                    <pc:Unicode>und ihre Meinung verlangt / haben ſie ihnen zwar meine Arbeit nicht mißfallen laſ⸗</pc:Unicode>
                </pc:TextEquiv>
            </pc:TextLine>
            <pc:TextLine id="region0005_line0007">
                <pc:Coords points="361,1069 2363,1069 2363,1152 361,1152"/>
                <pc:Word id="region0005_line0007_word0000">
                    <pc:Coords points="361,1083 436,1083 436,1151 361,1151"/>
                    <pc:TextEquiv conf="0.916649017333984">
                        <pc:Unicode>ſen</pc:Unicode>
                    </pc:TextEquiv>
                </pc:Word>
                <pc:Word id="region0005_line0007_word0001">
                    <pc:Coords points="446,1095 467,1095 467,1147 446,1147"/>
                    <pc:TextEquiv conf="0.895075607299805">
                        <pc:Unicode>/</pc:Unicode>
                    </pc:TextEquiv>
                </pc:Word>
                <pc:Word id="region0005_line0007_word0002">
                    <pc:Coords points="480,1082 583,1082 583,1145 480,1145"/>
                    <pc:TextEquiv conf="0.83932861328125">
                        <pc:Unicode>doch</pc:Unicode>
                    </pc:TextEquiv>
                </pc:Word>
                <pc:Word id="region0005_line0007_word0003">
                    <pc:Coords points="595,1080 699,1080 699,1133 595,1133"/>
                    <pc:TextEquiv conf="0.92017951965332">
                        <pc:Unicode>aber</pc:Unicode>
                    </pc:TextEquiv>
                </pc:Word>
                <pc:Word id="region0005_line0007_word0004">
                    <pc:Coords points="708,1074 848,1074 848,1142 708,1142"/>
                    <pc:TextEquiv conf="0.861784820556641">
                        <pc:Unicode>dieſes</pc:Unicode>
                    </pc:TextEquiv>
                </pc:Word>
                <pc:Word id="region0005_line0007_word0005">
                    <pc:Coords points="859,1069 1205,1069 1205,1139 859,1139"/>
                    <pc:TextEquiv conf="0.547178611755371">
                        <pc:Unicode>beygefugt/</pc:Unicode>
                    </pc:TextEquiv>
                </pc:Word>
                <pc:Word id="region0005_line0007_word0006">
                    <pc:Coords points="1203,1069 1140,1069 1140,1152 1203,1152"/>
                    <pc:TextEquiv conf="0.864909515380859">
                        <pc:Unicode>daß</pc:Unicode>
                    </pc:TextEquiv>
                </pc:Word>
                <pc:Word id="region0005_line0007_word0007">
                    <pc:Coords points="1217,1073 1483,1073 1483,1137 1217,1137"/>
                    <pc:TextEquiv conf="0.864362640380859">
                        <pc:Unicode>dergleichen</pc:Unicode>
                    </pc:TextEquiv>
                </pc:Word>
                <pc:Word id="region0005_line0007_word0008">
                    <pc:Coords points="1494,1078 1658,1078 1658,1141 1494,1141"/>
                    <pc:TextEquiv conf="0.923402862548828">
                        <pc:Unicode>Seripra</pc:Unicode>
                    </pc:TextEquiv>
                </pc:Word>
                <pc:Word id="region0005_line0007_word0009">
                    <pc:Coords points="1671,1077 1904,1077 1904,1125 1671,1125"/>
                    <pc:TextEquiv conf="0.809993515014648">
                        <pc:Unicode>Didactica</pc:Unicode>
                    </pc:TextEquiv>
                </pc:Word>
                <pc:Word id="region0005_line0007_word0010">
                    <pc:Coords points="1915,1076 2047,1076 2047,1145 1915,1145"/>
                    <pc:TextEquiv conf="0.913081817626953">
                        <pc:Unicode>beſſer</pc:Unicode>
                    </pc:TextEquiv>
                </pc:Word>
                <pc:Word id="region0005_line0007_word0011">
                    <pc:Coords points="2062,1086 2156,1086 2156,1136 2062,1136"/>
                    <pc:TextEquiv conf="0.907559509277344">
                        <pc:Unicode>und</pc:Unicode>
                    </pc:TextEquiv>
                </pc:Word>
                <pc:Word id="region0005_line0007_word0012">
                    <pc:Coords points="2166,1081 2363,1081 2363,1152 2166,1152"/>
                    <pc:TextEquiv conf="0.863965606689453">
                        <pc:Unicode>amuthi⸗</pc:Unicode>
                    </pc:TextEquiv>
                </pc:Word>
                <pc:TextEquiv conf="0.855959358215332">
                    <pc:Unicode>ſen / doch aber dieſes beygefugt/ daß dergleichen Seripra Didactica beſſer und amuthi⸗</pc:Unicode>
                </pc:TextEquiv>
            </pc:TextLine>
            <pc:TextEquiv conf="0.809481828623784">
                <pc:Unicode>16 muß frey bekennen / daß ein ſolch weitlaͤuffiges Werck von der
Oeconomia zu ſchreiben / ich memaln / aber wol vor etlich und zwanzig
ahren die Georgica guf das kuͤrtzeſte Verſweiſe aufzuſetzen willens
eweſen / wie ich aber das letztere bald geendet / und etlichen guten
— — Preunden und Goͤnnern / als ſondeꝛlich / denen numehr beeden ſeeligen
Kunſtliebenden und Ungluͤckſeligen / wie auch andern unterſchiedlichen gewieſen /
und ihre Meinung verlangt / haben ſie ihnen zwar meine Arbeit nicht mißfallen laſ⸗
ſen / doch aber dieſes beygefugt/ daß dergleichen Seripra Didactica beſſer und amuthi⸗</pc:Unicode>
            </pc:TextEquiv>
        </pc:TextRegion>
        <pc:TextRegion id="region0008" orientation="0.43710926843579" type="floating" readingDirection="left-to-right" textLineOrder="top-to-bottom">
            <pc:Coords points="347,1139 2364,1139 2364,1220 347,1220"/>
            <pc:TextLine id="region0008_line0000">
                <pc:Coords points="347,1139 2364,1139 2364,1220 347,1220"/>
                <pc:Word id="region0008_line0000_word0000">
                    <pc:Coords points="347,1164 437,1164 437,1220 347,1220"/>
                    <pc:TextEquiv conf="0.928591842651367">
                        <pc:Unicode>ger</pc:Unicode>
                    </pc:TextEquiv>
                </pc:Word>
                <pc:Word id="region0008_line0000_word0001">
                    <pc:Coords points="447,1157 492,1157 492,1208 447,1208"/>
                    <pc:TextEquiv conf="0.908164291381836">
                        <pc:Unicode>in</pc:Unicode>
                    </pc:TextEquiv>
                </pc:Word>
                <pc:Word id="region0008_line0000_word0002">
                    <pc:Coords points="498,1147 755,1147 755,1216 498,1216"/>
                    <pc:TextEquiv conf="0.798042526245117">
                        <pc:Unicode>freyer</pc:Unicode>
                    </pc:TextEquiv>
                </pc:Word>
                <pc:Word id="region0008_line0000_word0003">
                    <pc:Coords points="677,1139 654,1139 654,1220 677,1220"/>
                    <pc:TextEquiv conf="0.798042526245117">
                        <pc:Unicode>/</pc:Unicode>
                    </pc:TextEquiv>
                </pc:Word>
                <pc:Word id="region0008_line0000_word0004">
                    <pc:Coords points="766,1139 699,1139 699,1220 766,1220"/>
                    <pc:TextEquiv conf="0.929681091308594">
                        <pc:Unicode>als</pc:Unicode>
                    </pc:TextEquiv>
                </pc:Word>
                <pc:Word id="region0008_line0000_word0005">
                    <pc:Coords points="765,1142 1048,1142 1048,1210 765,1210"/>
                    <pc:TextEquiv conf="0.915772171020508">
                        <pc:Unicode>gebundener</pc:Unicode>
                    </pc:TextEquiv>
                </pc:Word>
                <pc:Word id="region0008_line0000_word0006">
                    <pc:Coords points="1059,1139 1187,1139 1187,1197 1059,1197"/>
                    <pc:TextEquiv conf="0.915772171020508">
                        <pc:Unicode>Rede</pc:Unicode>
                    </pc:TextEquiv>
                </pc:Word>
                <pc:Word id="region0008_line0000_word0007">
                    <pc:Coords points="1360,1139 1203,1139 1203,1220 1360,1220"/>
                    <pc:TextEquiv conf="0.318135223388672">
                        <pc:Unicode>moͤgen</pc:Unicode>
                    </pc:TextEquiv>
                </pc:Word>
                <pc:Word id="region0008_line0000_word0008">
                    <pc:Coords points="1617,1139 1381,1139 1381,1220 1617,1220"/>
                    <pc:TextEquiv conf="0.903541488647461">
                        <pc:Unicode>gehandelt</pc:Unicode>
                    </pc:TextEquiv>
                </pc:Word>
                <pc:Word id="region0008_line0000_word0009">
                    <pc:Coords points="1819,1139 1640,1139 1640,1220 1819,1220"/>
                    <pc:TextEquiv conf="0.906970367431641">
                        <pc:Unicode>werden;</pc:Unicode>
                    </pc:TextEquiv>
                </pc:Word>
                <pc:Word id="region0008_line0000_word0010">
                    <pc:Coords points="1855,1147 1943,1147 1943,1216 1855,1216"/>
                    <pc:TextEquiv conf="0.882538604736328">
                        <pc:Unicode>alſo</pc:Unicode>
                    </pc:TextEquiv>
                </pc:Word>
                <pc:Word id="region0008_line0000_word0011">
                    <pc:Coords points="1953,1149 2047,1149 2047,1219 1953,1219"/>
                    <pc:TextEquiv conf="0.906557922363281">
                        <pc:Unicode>daß</pc:Unicode>
                    </pc:TextEquiv>
                </pc:Word>
                <pc:Word id="region0008_line0000_word0012">
                    <pc:Coords points="2063,1152 2131,1152 2131,1215 2063,1215"/>
                    <pc:TextEquiv conf="0.920711441040039">
                        <pc:Unicode>ich</pc:Unicode>
                    </pc:TextEquiv>
                </pc:Word>
                <pc:Word id="region0008_line0000_word0013">
                    <pc:Coords points="2135,1152 2364,1152 2364,1220 2135,1220"/>
                    <pc:TextEquiv conf="0.910508728027344">
                        <pc:Unicode>nothwen⸗</pc:Unicode>
                    </pc:TextEquiv>
                </pc:Word>
                <pc:TextEquiv conf="0.85307359967913">
                    <pc:Unicode>ger in freyer / als gebundener Rede moͤgen gehandelt werden; alſo daß ich nothwen⸗</pc:Unicode>
                </pc:TextEquiv>
            </pc:TextLine>
            <pc:TextEquiv conf="0.85307359967913">
                <pc:Unicode>ger in freyer / als gebundener Rede moͤgen gehandelt werden; alſo daß ich nothwen⸗</pc:Unicode>
            </pc:TextEquiv>
        </pc:TextRegion>
        <pc:TextRegion id="region0009" orientation="0.43710926843579" type="floating" readingDirection="left-to-right" textLineOrder="top-to-bottom">
            <pc:Coords points="357,1994 2375,1994 2375,2083 357,2083"/>
            <pc:TextLine id="region0009_line0000">
                <pc:Coords points="357,1994 2375,1994 2375,2083 357,2083"/>
                <pc:Word id="region0009_line0000_word0000">
                    <pc:Coords points="357,2035 360,2035 360,2044 357,2044"/>
                    <pc:TextEquiv conf="0.910649185180664">
                        <pc:Unicode>ren</pc:Unicode>
                    </pc:TextEquiv>
                </pc:Word>
                <pc:Word id="region0009_line0000_word0001">
                    <pc:Coords points="463,2027 480,2027 480,2070 463,2070"/>
                    <pc:TextEquiv conf="0.917724685668945">
                        <pc:Unicode>/</pc:Unicode>
                    </pc:TextEquiv>
                </pc:Word>
                <pc:Word id="region0009_line0000_word0002">
                    <pc:Coords points="487,2008 634,2008 634,2066 487,2066"/>
                    <pc:TextEquiv conf="0.778655090332031">
                        <pc:Unicode>neben</pc:Unicode>
                    </pc:TextEquiv>
                </pc:Word>
                <pc:Word id="region0009_line0000_word0003">
                    <pc:Coords points="643,2010 782,2010 782,2058 643,2058"/>
                    <pc:TextEquiv conf="0.778655090332031">
                        <pc:Unicode>denen</pc:Unicode>
                    </pc:TextEquiv>
                </pc:Word>
                <pc:Word id="region0009_line0000_word0004">
                    <pc:Coords points="795,1994 1193,1994 1193,2064 795,2064"/>
                    <pc:TextEquiv conf="0.145060882568359">
                        <pc:Unicode>brodromislgato</pc:Unicode>
                    </pc:TextEquiv>
                </pc:Word>
                <pc:Word id="region0009_line0000_word0005">
                    <pc:Coords points="1207,2002 1433,2002 1433,2059 1207,2059"/>
                    <pc:TextEquiv conf="0.891172485351562">
                        <pc:Unicode>Sermone,</pc:Unicode>
                    </pc:TextEquiv>
                </pc:Word>
                <pc:Word id="region0009_line0000_word0006">
                    <pc:Coords points="1446,1997 1711,1997 1711,2083 1446,2083"/>
                    <pc:TextEquiv conf="0.904088287353516">
                        <pc:Unicode>verfertigen</pc:Unicode>
                    </pc:TextEquiv>
                </pc:Word>
                <pc:Word id="region0009_line0000_word0007">
                    <pc:Coords points="1738,2013 1750,2013 1750,2068 1738,2068"/>
                    <pc:TextEquiv conf="0.91002685546875">
                        <pc:Unicode>/</pc:Unicode>
                    </pc:TextEquiv>
                </pc:Word>
                <pc:Word id="region0009_line0000_word0008">
                    <pc:Coords points="1762,2009 1857,2009 1857,2060 1762,2060"/>
                    <pc:TextEquiv conf="0.915343399047852">
                        <pc:Unicode>und</pc:Unicode>
                    </pc:TextEquiv>
                </pc:Word>
                <pc:Word id="region0009_line0000_word0009">
                    <pc:Coords points="1879,2009 1977,2009 1977,2063 1879,2063"/>
                    <pc:TextEquiv conf="0.922785949707031">
                        <pc:Unicode>dem</pc:Unicode>
                    </pc:TextEquiv>
                </pc:Word>
                <pc:Word id="region0009_line0000_word0010">
                    <pc:Coords points="1989,2004 2235,2004 2235,2074 1989,2074"/>
                    <pc:TextEquiv conf="0.461105270385742">
                        <pc:Unicode>guͤnſtigen</pc:Unicode>
                    </pc:TextEquiv>
                </pc:Word>
                <pc:Word id="region0009_line0000_word0011">
                    <pc:Coords points="2252,2003 2375,2003 2375,2073 2252,2073"/>
                    <pc:TextEquiv conf="0.909549026489258">
                        <pc:Unicode>Leſer</pc:Unicode>
                    </pc:TextEquiv>
                </pc:Word>
                <pc:TextEquiv conf="0.787068017323812">
                    <pc:Unicode>ren / neben denen brodromislgato Sermone, verfertigen / und dem guͤnſtigen Leſer</pc:Unicode>
                </pc:TextEquiv>
            </pc:TextLine>
            <pc:TextEquiv conf="0.787068017323812">
                <pc:Unicode>ren / neben denen brodromislgato Sermone, verfertigen / und dem guͤnſtigen Leſer</pc:Unicode>
            </pc:TextEquiv>
        </pc:TextRegion>
        <pc:TextRegion id="region0010" orientation="0.43710926843579" type="floating" readingDirection="left-to-right" textLineOrder="top-to-bottom">
            <pc:Coords points="368,2994 2385,2994 2385,3082 368,3082"/>
            <pc:TextLine id="region0010_line0000">
                <pc:Coords points="368,2994 2385,2994 2385,3082 368,3082"/>
                <pc:Word id="region0010_line0000_word0000">
                    <pc:Coords points="368,3018 555,3018 555,3082 368,3082"/>
                    <pc:TextEquiv conf="0.873215713500977">
                        <pc:Unicode>geleitet</pc:Unicode>
                    </pc:TextEquiv>
                </pc:Word>
                <pc:Word id="region0010_line0000_word0001">
                    <pc:Coords points="563,3007 717,3007 717,3066 563,3066"/>
                    <pc:TextEquiv conf="0.868495712280273">
                        <pc:Unicode>werde.</pc:Unicode>
                    </pc:TextEquiv>
                </pc:Word>
                <pc:Word id="region0010_line0000_word0002">
                    <pc:Coords points="753,3003 793,3003 793,3047 753,3047"/>
                    <pc:TextEquiv conf="0.407284889221191">
                        <pc:Unicode>T</pc:Unicode>
                    </pc:TextEquiv>
                </pc:Word>
                <pc:Word id="region0010_line0000_word0003">
                    <pc:Coords points="798,2995 914,2995 914,3046 798,3046"/>
                    <pc:TextEquiv conf="0.92385627746582">
                        <pc:Unicode>hales</pc:Unicode>
                    </pc:TextEquiv>
                </pc:Word>
                <pc:Word id="region0010_line0000_word0004">
                    <pc:Coords points="928,2994 1046,2994 1046,3062 928,3062"/>
                    <pc:TextEquiv conf="0.889719543457031">
                        <pc:Unicode>habe</pc:Unicode>
                    </pc:TextEquiv>
                </pc:Word>
                <pc:Word id="region0010_line0000_word0005">
                    <pc:Coords points="1054,2999 1432,2999 1432,3061 1054,3061"/>
                    <pc:TextEquiv conf="0.574680671691895">
                        <pc:Unicode>vermeint</pc:Unicode>
                    </pc:TextEquiv>
                </pc:Word>
                <pc:Word id="region0010_line0000_word0006">
                    <pc:Coords points="1274,3076 1296,3076 1296,2994 1274,2994"/>
                    <pc:TextEquiv conf="0.574680671691895">
                        <pc:Unicode>/</pc:Unicode>
                    </pc:TextEquiv>
                </pc:Word>
                <pc:Word id="region0010_line0000_word0007">
                    <pc:Coords points="1317,2999 1418,2999 1418,3061 1317,3061"/>
                    <pc:TextEquiv conf="0.75459228515625">
                        <pc:Unicode>wann</pc:Unicode>
                    </pc:TextEquiv>
                </pc:Word>
                <pc:Word id="region0010_line0000_word0008">
                    <pc:Coords points="1444,3001 1520,3001 1520,3052 1444,3052"/>
                    <pc:TextEquiv conf="0.930239791870117">
                        <pc:Unicode>der</pc:Unicode>
                    </pc:TextEquiv>
                </pc:Word>
                <pc:Word id="region0010_line0000_word0009">
                    <pc:Coords points="1530,2997 1825,2997 1825,3066 1530,3066"/>
                    <pc:TextEquiv conf="0.8969189453125">
                        <pc:Unicode>Hausvatter</pc:Unicode>
                    </pc:TextEquiv>
                </pc:Word>
                <pc:Word id="region0010_line0000_word0010">
                    <pc:Coords points="1840,3005 1903,3005 1903,3055 1840,3055"/>
                    <pc:TextEquiv conf="0.8969189453125">
                        <pc:Unicode>die</pc:Unicode>
                    </pc:TextEquiv>
                </pc:Word>
                <pc:Word id="region0010_line0000_word0011">
                    <pc:Coords points="1933,3076 2119,3076 2119,2994 1933,2994"/>
                    <pc:TextEquiv conf="0.919823150634766">
                        <pc:Unicode>mehreſte</pc:Unicode>
                    </pc:TextEquiv>
                </pc:Word>
                <pc:Word id="region0010_line0000_word0012">
                    <pc:Coords points="2128,2999 2231,2999 2231,3072 2128,3072"/>
                    <pc:TextEquiv conf="0.873791351318359">
                        <pc:Unicode>Zeit</pc:Unicode>
                    </pc:TextEquiv>
                </pc:Word>
                <pc:Word id="region0010_line0000_word0013">
                    <pc:Coords points="2240,3003 2385,3003 2385,3057 2240,3057"/>
                    <pc:TextEquiv conf="0.677844772338867">
                        <pc:Unicode>koͤnne</pc:Unicode>
                    </pc:TextEquiv>
                </pc:Word>
                <pc:TextEquiv conf="0.790147337232317">
                    <pc:Unicode>geleitet werde. T hales habe vermeint / wann der Hausvatter die mehreſte Zeit koͤnne</pc:Unicode>
                </pc:TextEquiv>
            </pc:TextLine>
            <pc:TextEquiv conf="0.790147337232317">
                <pc:Unicode>geleitet werde. T hales habe vermeint / wann der Hausvatter die mehreſte Zeit koͤnne</pc:Unicode>
            </pc:TextEquiv>
        </pc:TextRegion>
        <pc:TextRegion id="region0011" orientation="0.43710926843579" readingDirection="left-to-right" textLineOrder="top-to-bottom">
            <pc:Coords points="363,1211 2375,1211 2375,1574 363,1574"/>
            <pc:TextLine id="region0011_line0000">
                <pc:Coords points="363,1211 2363,1211 2363,1296 363,1296"/>
                <pc:Word id="region0011_line0000_word0000">
                    <pc:Coords points="363,1231 439,1231 439,1293 363,1293"/>
                    <pc:TextEquiv conf="0.628847045898438">
                        <pc:Unicode>dig</pc:Unicode>
                    </pc:TextEquiv>
                </pc:Word>
                <pc:Word id="region0011_line0000_word0001">
                    <pc:Coords points="452,1228 497,1228 497,1273 452,1273"/>
                    <pc:TextEquiv conf="0.628847045898438">
                        <pc:Unicode>in</pc:Unicode>
                    </pc:TextEquiv>
                </pc:Word>
                <pc:Word id="region0011_line0000_word0002">
                    <pc:Coords points="512,1218 633,1218 633,1271 512,1271"/>
                    <pc:TextEquiv conf="0.220770950317383">
                        <pc:Unicode>rola</pc:Unicode>
                    </pc:TextEquiv>
                </pc:Word>
                <pc:Word id="region0011_line0000_word0003">
                    <pc:Coords points="648,1211 1050,1211 1050,1292 648,1292"/>
                    <pc:TextEquiv conf="0.922106323242188">
                        <pc:Unicode>Beymerckungen</pc:Unicode>
                    </pc:TextEquiv>
                </pc:Word>
                <pc:Word id="region0011_line0000_word0004">
                    <pc:Coords points="1060,1211 1312,1211 1312,1296 1060,1296"/>
                    <pc:TextEquiv conf="0.922106323242188">
                        <pc:Unicode>anhencken</pc:Unicode>
                    </pc:TextEquiv>
                </pc:Word>
                <pc:Word id="region0011_line0000_word0005">
                    <pc:Coords points="1323,1212 1438,1212 1438,1281 1323,1281"/>
                    <pc:TextEquiv conf="0.846833343505859">
                        <pc:Unicode>ſolte.</pc:Unicode>
                    </pc:TextEquiv>
                </pc:Word>
                <pc:Word id="region0011_line0000_word0006">
                    <pc:Coords points="1506,1218 1620,1218 1620,1270 1506,1270"/>
                    <pc:TextEquiv conf="0.929696350097656">
                        <pc:Unicode>Und</pc:Unicode>
                    </pc:TextEquiv>
                </pc:Word>
                <pc:Word id="region0011_line0000_word0007">
                    <pc:Coords points="1641,1214 1694,1214 1694,1271 1641,1271"/>
                    <pc:TextEquiv conf="0.930682907104492">
                        <pc:Unicode>ob</pc:Unicode>
                    </pc:TextEquiv>
                </pc:Word>
                <pc:Word id="region0011_line0000_word0008">
                    <pc:Coords points="1710,1219 1778,1219 1778,1284 1710,1284"/>
                    <pc:TextEquiv conf="0.914340972900391">
                        <pc:Unicode>ich</pc:Unicode>
                    </pc:TextEquiv>
                </pc:Word>
                <pc:Word id="region0011_line0000_word0009">
                    <pc:Coords points="1798,1223 1884,1223 1884,1275 1798,1275"/>
                    <pc:TextEquiv conf="0.879883880615234">
                        <pc:Unicode>wol</pc:Unicode>
                    </pc:TextEquiv>
                </pc:Word>
                <pc:Word id="region0011_line0000_word0010">
                    <pc:Coords points="1908,1220 2052,1220 2052,1288 1908,1288"/>
                    <pc:TextEquiv conf="0.411311874389648">
                        <pc:Unicode>ihrem</pc:Unicode>
                    </pc:TextEquiv>
                </pc:Word>
                <pc:Word id="region0011_line0000_word0011">
                    <pc:Coords points="2074,1224 2250,1224 2250,1286 2074,1286"/>
                    <pc:TextEquiv conf="0.660574035644531">
                        <pc:Unicode>Urtheil</pc:Unicode>
                    </pc:TextEquiv>
                </pc:Word>
                <pc:Word id="region0011_line0000_word0012">
                    <pc:Coords points="2268,1229 2363,1229 2363,1278 2268,1278"/>
                    <pc:TextEquiv conf="0.916031799316406">
                        <pc:Unicode>und</pc:Unicode>
                    </pc:TextEquiv>
                </pc:Word>
                <pc:TextEquiv conf="0.75477175785945">
                    <pc:Unicode>dig in rola Beymerckungen anhencken ſolte. Und ob ich wol ihrem Urtheil und</pc:Unicode>
                </pc:TextEquiv>
            </pc:TextLine>
            <pc:TextLine id="region0011_line0001">
                <pc:Coords points="366,1283 2363,1283 2363,1367 366,1367"/>
                <pc:Word id="region0011_line0001_word0000">
                    <pc:Coords points="366,1297 542,1297 542,1353 366,1353"/>
                    <pc:TextEquiv conf="0.444064521789551">
                        <pc:Unicode>Willen</pc:Unicode>
                    </pc:TextEquiv>
                </pc:Word>
                <pc:Word id="region0011_line0001_word0001">
                    <pc:Coords points="669,1283 561,1283 561,1367 669,1367"/>
                    <pc:TextEquiv conf="0.91891471862793">
                        <pc:Unicode>nicht</pc:Unicode>
                    </pc:TextEquiv>
                </pc:Word>
                <pc:Word id="region0011_line0001_word0002">
                    <pc:Coords points="676,1284 1176,1284 1176,1367 676,1367"/>
                    <pc:TextEquiv conf="0.924496917724609">
                        <pc:Unicode>widerſprochen</pc:Unicode>
                    </pc:TextEquiv>
                </pc:Word>
                <pc:Word id="region0011_line0001_word0003">
                    <pc:Coords points="1052,1283 1036,1283 1036,1367 1052,1367"/>
                    <pc:TextEquiv conf="0.913870086669922">
                        <pc:Unicode>/</pc:Unicode>
                    </pc:TextEquiv>
                </pc:Word>
                <pc:Word id="region0011_line0001_word0004">
                    <pc:Coords points="1167,1283 1075,1283 1075,1367 1167,1367"/>
                    <pc:TextEquiv conf="0.913870086669922">
                        <pc:Unicode>habe</pc:Unicode>
                    </pc:TextEquiv>
                </pc:Word>
                <pc:Word id="region0011_line0001_word0005">
                    <pc:Coords points="1188,1285 1289,1285 1289,1366 1188,1366"/>
                    <pc:TextEquiv conf="0.926131439208984">
                        <pc:Unicode>ichs</pc:Unicode>
                    </pc:TextEquiv>
                </pc:Word>
                <pc:Word id="region0011_line0001_word0006">
                    <pc:Coords points="1297,1290 1408,1290 1408,1346 1297,1346"/>
                    <pc:TextEquiv conf="0.928957901000977">
                        <pc:Unicode>doch</pc:Unicode>
                    </pc:TextEquiv>
                </pc:Word>
                <pc:Word id="region0011_line0001_word0007">
                    <pc:Coords points="1420,1291 1474,1291 1474,1352 1420,1352"/>
                    <pc:TextEquiv conf="0.891949615478516">
                        <pc:Unicode>zu</pc:Unicode>
                    </pc:TextEquiv>
                </pc:Word>
                <pc:Word id="region0011_line0001_word0008">
                    <pc:Coords points="1495,1283 1747,1283 1747,1357 1495,1357"/>
                    <pc:TextEquiv conf="0.637245483398437">
                        <pc:Unicode>vollfuͤhren</pc:Unicode>
                    </pc:TextEquiv>
                </pc:Word>
                <pc:Word id="region0011_line0001_word0009">
                    <pc:Coords points="1767,1291 1855,1291 1855,1346 1767,1346"/>
                    <pc:TextEquiv conf="0.921246185302734">
                        <pc:Unicode>viel</pc:Unicode>
                    </pc:TextEquiv>
                </pc:Word>
                <pc:Word id="region0011_line0001_word0010">
                    <pc:Coords points="1868,1289 1998,1289 1998,1360 1868,1360"/>
                    <pc:TextEquiv conf="0.924527053833008">
                        <pc:Unicode>Jahr</pc:Unicode>
                    </pc:TextEquiv>
                </pc:Word>
                <pc:Word id="region0011_line0001_word0011">
                    <pc:Coords points="2015,1293 2363,1293 2363,1362 2015,1362"/>
                    <pc:TextEquiv conf="0.906052093505859">
                        <pc:Unicode>aufgeſchoben</pc:Unicode>
                    </pc:TextEquiv>
                </pc:Word>
                <pc:Word id="region0011_line0001_word0012">
                    <pc:Coords points="2339,1366 2361,1366 2361,1283 2339,1283"/>
                    <pc:TextEquiv conf="0.917057952880859">
                        <pc:Unicode>/</pc:Unicode>
                    </pc:TextEquiv>
                </pc:Word>
                <pc:TextEquiv conf="0.859106465853178">
                    <pc:Unicode>Willen nicht widerſprochen / habe ichs doch zu vollfuͤhren viel Jahr aufgeſchoben /</pc:Unicode>
                </pc:TextEquiv>
            </pc:TextLine>
            <pc:TextLine id="region0011_line0002">
                <pc:Coords points="363,1352 2375,1352 2375,1437 363,1437"/>
                <pc:Word id="region0011_line0002_word0000">
                    <pc:Coords points="363,1371 444,1371 444,1437 363,1437"/>
                    <pc:TextEquiv conf="0.566656341552734">
                        <pc:Unicode>biß</pc:Unicode>
                    </pc:TextEquiv>
                </pc:Word>
                <pc:Word id="region0011_line0002_word0001">
                    <pc:Coords points="458,1369 525,1369 525,1431 458,1431"/>
                    <pc:TextEquiv conf="0.861954345703125">
                        <pc:Unicode>ich</pc:Unicode>
                    </pc:TextEquiv>
                </pc:Word>
                <pc:Word id="region0011_line0002_word0002">
                    <pc:Coords points="544,1363 693,1363 693,1427 544,1427"/>
                    <pc:TextEquiv conf="0.759259643554687">
                        <pc:Unicode>letzlich</pc:Unicode>
                    </pc:TextEquiv>
                </pc:Word>
                <pc:Word id="region0011_line0002_word0003">
                    <pc:Coords points="704,1359 814,1359 814,1422 704,1422"/>
                    <pc:TextEquiv conf="0.927395935058594">
                        <pc:Unicode>mich</pc:Unicode>
                    </pc:TextEquiv>
                </pc:Word>
                <pc:Word id="region0011_line0002_word0004">
                    <pc:Coords points="836,1358 948,1358 948,1425 836,1425"/>
                    <pc:TextEquiv conf="0.928715896606445">
                        <pc:Unicode>ſamt</pc:Unicode>
                    </pc:TextEquiv>
                </pc:Word>
                <pc:Word id="region0011_line0002_word0005">
                    <pc:Coords points="959,1360 1044,1360 1044,1410 959,1410"/>
                    <pc:TextEquiv conf="0.919880676269531">
                        <pc:Unicode>den</pc:Unicode>
                    </pc:TextEquiv>
                </pc:Word>
                <pc:Word id="region0011_line0002_word0006">
                    <pc:Coords points="1054,1352 1377,1352 1377,1433 1054,1433"/>
                    <pc:TextEquiv conf="0.713524932861328">
                        <pc:Unicode>Meinigen</pc:Unicode>
                    </pc:TextEquiv>
                </pc:Word>
                <pc:Word id="region0011_line0002_word0007">
                    <pc:Coords points="1375,1352 1320,1352 1320,1437 1375,1437"/>
                    <pc:TextEquiv conf="0.904701690673828">
                        <pc:Unicode>in</pc:Unicode>
                    </pc:TextEquiv>
                </pc:Word>
                <pc:Word id="region0011_line0002_word0008">
                    <pc:Coords points="1398,1361 1467,1361 1467,1413 1398,1413"/>
                    <pc:TextEquiv conf="0.928061828613281">
                        <pc:Unicode>die</pc:Unicode>
                    </pc:TextEquiv>
                </pc:Word>
                <pc:Word id="region0011_line0002_word0009">
                    <pc:Coords points="1476,1361 1722,1361 1722,1429 1476,1429"/>
                    <pc:TextEquiv conf="0.919690093994141">
                        <pc:Unicode>vornehme</pc:Unicode>
                    </pc:TextEquiv>
                </pc:Word>
                <pc:Word id="region0011_line0002_word0010">
                    <pc:Coords points="1735,1358 2011,1358 2011,1431 1735,1431"/>
                    <pc:TextEquiv conf="0.894014053344727">
                        <pc:Unicode>Kayſerliche</pc:Unicode>
                    </pc:TextEquiv>
                </pc:Word>
                <pc:Word id="region0011_line0002_word0011">
                    <pc:Coords points="2030,1361 2145,1361 2145,1434 2030,1434"/>
                    <pc:TextEquiv conf="0.879487609863281">
                        <pc:Unicode>freye</pc:Unicode>
                    </pc:TextEquiv>
                </pc:Word>
                <pc:Word id="region0011_line0002_word0012">
                    <pc:Coords points="2161,1363 2375,1363 2375,1435 2161,1435"/>
                    <pc:TextEquiv conf="0.696609191894531">
                        <pc:Unicode>Reichs⸗</pc:Unicode>
                    </pc:TextEquiv>
                </pc:Word>
                <pc:TextEquiv conf="0.838457864614633">
                    <pc:Unicode>biß ich letzlich mich ſamt den Meinigen in die vornehme Kayſerliche freye Reichs⸗</pc:Unicode>
                </pc:TextEquiv>
            </pc:TextLine>
            <pc:TextLine id="region0011_line0003">
                <pc:Coords points="367,1426 1932,1426 1932,1512 367,1512"/>
                <pc:Word id="region0011_line0003_word0000">
                    <pc:Coords points="481,1426 367,1426 367,1512 481,1512"/>
                    <pc:TextEquiv conf="0.357759475708008">
                        <pc:Unicode>ſtadt</pc:Unicode>
                    </pc:TextEquiv>
                </pc:Word>
                <pc:Word id="region0011_line0003_word0001">
                    <pc:Coords points="513,1430 783,1430 783,1503 513,1503"/>
                    <pc:TextEquiv conf="0.783182678222656">
                        <pc:Unicode>Regenſpurg</pc:Unicode>
                    </pc:TextEquiv>
                </pc:Word>
                <pc:Word id="region0011_line0003_word0002">
                    <pc:Coords points="806,1426 989,1426 989,1493 806,1493"/>
                    <pc:TextEquiv conf="0.783182678222656">
                        <pc:Unicode>begeben</pc:Unicode>
                    </pc:TextEquiv>
                </pc:Word>
                <pc:Word id="region0011_line0003_word0003">
                    <pc:Coords points="1012,1428 1024,1428 1024,1484 1012,1484"/>
                    <pc:TextEquiv conf="0.823398056030273">
                        <pc:Unicode>/</pc:Unicode>
                    </pc:TextEquiv>
                </pc:Word>
                <pc:Word id="region0011_line0003_word0004">
                    <pc:Coords points="1031,1427 1127,1427 1127,1481 1031,1481"/>
                    <pc:TextEquiv conf="0.823398056030273">
                        <pc:Unicode>und</pc:Unicode>
                    </pc:TextEquiv>
                </pc:Word>
                <pc:Word id="region0011_line0003_word0005">
                    <pc:Coords points="1137,1428 1320,1428 1320,1482 1137,1482"/>
                    <pc:TextEquiv conf="0.588818130493164">
                        <pc:Unicode>allda</pc:Unicode>
                    </pc:TextEquiv>
                </pc:Word>
                <pc:Word id="region0011_line0003_word0006">
                    <pc:Coords points="1513,1436 1666,1436 1666,1499 1513,1499"/>
                    <pc:TextEquiv conf="0.">
                        <pc:Unicode>nnnttn</pc:Unicode>
                    </pc:TextEquiv>
                </pc:Word>
                <pc:Word id="region0011_line0003_word0007">
                    <pc:Coords points="1930,1462 1932,1462 1932,1464 1930,1464"/>
                    <pc:TextEquiv conf="0.">
                        <pc:Unicode>—</pc:Unicode>
                    </pc:TextEquiv>
                </pc:Word>
                <pc:TextEquiv conf="0.769967384338379">
                    <pc:Unicode>ſtadt Regenſpurg begeben / und allda nnnttn —</pc:Unicode>
                </pc:TextEquiv>
            </pc:TextLine>
            <pc:TextLine id="region0011_line0004">
                <pc:Coords points="519,1498 1856,1498 1856,1574 519,1574"/>
                <pc:Word id="region0011_line0004_word0000">
                    <pc:Coords points="519,1498 1856,1498 1856,1574 519,1574"/>
                    <pc:TextEquiv conf="0.">
                        <pc:Unicode>le⸗iſ</pc:Unicode>
                    </pc:TextEquiv>
                </pc:Word>
                <pc:TextEquiv conf="1.">
                    <pc:Unicode>le⸗iſ</pc:Unicode>
                </pc:TextEquiv>
            </pc:TextLine>
            <pc:TextEquiv conf="0.844460694533128">
                <pc:Unicode>dig in rola Beymerckungen anhencken ſolte. Und ob ich wol ihrem Urtheil und
Willen nicht widerſprochen / habe ichs doch zu vollfuͤhren viel Jahr aufgeſchoben /
biß ich letzlich mich ſamt den Meinigen in die vornehme Kayſerliche freye Reichs⸗
ſtadt Regenſpurg begeben / und allda nnnttn —
le⸗iſ</pc:Unicode>
            </pc:TextEquiv>
        </pc:TextRegion>
        <pc:TextRegion id="region0013" orientation="0.43710926843579" readingDirection="left-to-right" textLineOrder="top-to-bottom">
            <pc:Coords points="369,1566 2374,1566 2374,2004 369,2004"/>
            <pc:TextLine id="region0013_line0000">
                <pc:Coords points="520,1566 1903,1566 1903,1637 520,1637"/>
                <pc:Word id="region0013_line0000_word0000">
                    <pc:Coords points="520,1590 523,1590 523,1594 520,1594"/>
                    <pc:TextEquiv conf="0.">
                        <pc:Unicode>—</pc:Unicode>
                    </pc:TextEquiv>
                </pc:Word>
                <pc:Word id="region0013_line0000_word0001">
                    <pc:Coords points="773,1570 979,1570 979,1629 773,1629"/>
                    <pc:TextEquiv conf="0.469589233398438">
                        <pc:Unicode>Olia,</pc:Unicode>
                    </pc:TextEquiv>
                </pc:Word>
                <pc:Word id="region0013_line0000_word0002">
                    <pc:Coords points="1000,1566 1053,1566 1053,1622 1000,1622"/>
                    <pc:TextEquiv conf="0.70907341003418">
                        <pc:Unicode>E</pc:Unicode>
                    </pc:TextEquiv>
                </pc:Word>
                <pc:Word id="region0013_line0000_word0003">
                    <pc:Coords points="1066,1568 1302,1568 1302,1635 1066,1635"/>
                    <pc:TextEquiv conf="0.246732482910156">
                        <pc:Unicode>exemptum</pc:Unicode>
                    </pc:TextEquiv>
                </pc:Word>
                <pc:Word id="region0013_line0000_word0004">
                    <pc:Coords points="1320,1574 1430,1574 1430,1618 1320,1618"/>
                    <pc:TextEquiv conf="0.">
                        <pc:Unicode>curès</pc:Unicode>
                    </pc:TextEquiv>
                </pc:Word>
                <pc:Word id="region0013_line0000_word0005">
                    <pc:Coords points="1442,1573 1719,1573 1719,1637 1442,1637"/>
                    <pc:TextEquiv conf="0.83214973449707">
                        <pc:Unicode>gravioribus</pc:Unicode>
                    </pc:TextEquiv>
                </pc:Word>
                <pc:Word id="region0013_line0000_word0006">
                    <pc:Coords points="1736,1590 1903,1590 1903,1625 1736,1625"/>
                    <pc:TextEquiv conf="0.124194488525391">
                        <pc:Unicode>ævum</pc:Unicode>
                    </pc:TextEquiv>
                </pc:Word>
                <pc:TextEquiv conf="0.625962764195034">
                    <pc:Unicode>— Olia, E exemptum curès gravioribus ævum</pc:Unicode>
                </pc:TextEquiv>
            </pc:TextLine>
            <pc:TextLine id="region0013_line0001">
                <pc:Coords points="369,1639 2369,1639 2369,1725 369,1725"/>
                <pc:Word id="region0013_line0001_word0000">
                    <pc:Coords points="369,1653 520,1653 520,1725 369,1725"/>
                    <pc:TextEquiv conf="0.919955520629883">
                        <pc:Unicode>haben</pc:Unicode>
                    </pc:TextEquiv>
                </pc:Word>
                <pc:Word id="region0013_line0001_word0001">
                    <pc:Coords points="533,1655 625,1655 625,1707 533,1707"/>
                    <pc:TextEquiv conf="0.914345855712891">
                        <pc:Unicode>und</pc:Unicode>
                    </pc:TextEquiv>
                </pc:Word>
                <pc:Word id="region0013_line0001_word0002">
                    <pc:Coords points="640,1640 850,1640 850,1714 640,1714"/>
                    <pc:TextEquiv conf="0.879962310791016">
                        <pc:Unicode>genieſſen</pc:Unicode>
                    </pc:TextEquiv>
                </pc:Word>
                <pc:Word id="region0013_line0001_word0003">
                    <pc:Coords points="871,1641 1046,1641 1046,1694 871,1694"/>
                    <pc:TextEquiv conf="0.697710952758789">
                        <pc:Unicode>koͤnnen</pc:Unicode>
                    </pc:TextEquiv>
                </pc:Word>
                <pc:Word id="region0013_line0001_word0004">
                    <pc:Coords points="1051,1655 1081,1655 1081,1725 1051,1725"/>
                    <pc:TextEquiv conf="0.859759521484375">
                        <pc:Unicode>/</pc:Unicode>
                    </pc:TextEquiv>
                </pc:Word>
                <pc:Word id="region0013_line0001_word0005">
                    <pc:Coords points="1091,1639 1181,1639 1181,1721 1091,1721"/>
                    <pc:TextEquiv conf="0.859759521484375">
                        <pc:Unicode>alſo</pc:Unicode>
                    </pc:TextEquiv>
                </pc:Word>
                <pc:Word id="region0013_line0001_word0006">
                    <pc:Coords points="1194,1642 1339,1642 1339,1696 1194,1696"/>
                    <pc:TextEquiv conf="0.924413833618164">
                        <pc:Unicode>indem</pc:Unicode>
                    </pc:TextEquiv>
                </pc:Word>
                <pc:Word id="region0013_line0001_word0007">
                    <pc:Coords points="1346,1641 1415,1641 1415,1705 1346,1705"/>
                    <pc:TextEquiv conf="0.83176399230957">
                        <pc:Unicode>ich</pc:Unicode>
                    </pc:TextEquiv>
                </pc:Word>
                <pc:Word id="region0013_line0001_word0008">
                    <pc:Coords points="1427,1646 1496,1646 1496,1721 1427,1721"/>
                    <pc:TextEquiv conf="0.83176399230957">
                        <pc:Unicode>die</pc:Unicode>
                    </pc:TextEquiv>
                </pc:Word>
                <pc:Word id="region0013_line0001_word0009">
                    <pc:Coords points="1506,1647 1660,1647 1660,1709 1506,1709"/>
                    <pc:TextEquiv conf="0.860135269165039">
                        <pc:Unicode>vorige</pc:Unicode>
                    </pc:TextEquiv>
                </pc:Word>
                <pc:Word id="region0013_line0001_word0010">
                    <pc:Coords points="1670,1651 1821,1651 1821,1710 1670,1710"/>
                    <pc:TextEquiv conf="0.867495880126953">
                        <pc:Unicode>gantze</pc:Unicode>
                    </pc:TextEquiv>
                </pc:Word>
                <pc:Word id="region0013_line0001_word0011">
                    <pc:Coords points="1830,1646 1933,1646 1933,1717 1830,1717"/>
                    <pc:TextEquiv conf="0.867495880126953">
                        <pc:Unicode>Zeit</pc:Unicode>
                    </pc:TextEquiv>
                </pc:Word>
                <pc:Word id="region0013_line0001_word0012">
                    <pc:Coords points="1943,1646 2259,1646 2259,1717 1943,1717"/>
                    <pc:TextEquiv conf="0.806235809326172">
                        <pc:Unicode>uber</pc:Unicode>
                    </pc:TextEquiv>
                </pc:Word>
                <pc:Word id="region0013_line0001_word0013">
                    <pc:Coords points="2081,1639 2064,1639 2064,1725 2081,1725"/>
                    <pc:TextEquiv conf="0.92513427734375">
                        <pc:Unicode>/</pc:Unicode>
                    </pc:TextEquiv>
                </pc:Word>
                <pc:Word id="region0013_line0001_word0014">
                    <pc:Coords points="2096,1646 2259,1646 2259,1717 2096,1717"/>
                    <pc:TextEquiv conf="0.895462265014648">
                        <pc:Unicode>allerley</pc:Unicode>
                    </pc:TextEquiv>
                </pc:Word>
                <pc:Word id="region0013_line0001_word0015">
                    <pc:Coords points="2268,1656 2369,1656 2369,1705 2268,1705"/>
                    <pc:TextEquiv conf="0.896937637329102">
                        <pc:Unicode>vor⸗</pc:Unicode>
                    </pc:TextEquiv>
                </pc:Word>
                <pc:TextEquiv conf="0.864895782470703">
                    <pc:Unicode>haben und genieſſen koͤnnen / alſo indem ich die vorige gantze Zeit uber / allerley vor⸗</pc:Unicode>
                </pc:TextEquiv>
            </pc:TextLine>
            <pc:TextLine id="region0013_line0002">
                <pc:Coords points="370,1709 2370,1709 2370,1799 370,1799"/>
                <pc:Word id="region0013_line0002_word0000">
                    <pc:Coords points="370,1729 527,1729 527,1796 370,1796"/>
                    <pc:TextEquiv conf="0.929322967529297">
                        <pc:Unicode>nehme</pc:Unicode>
                    </pc:TextEquiv>
                </pc:Word>
                <pc:Word id="region0013_line0002_word0001">
                    <pc:Coords points="539,1734 616,1734 616,1791 539,1791"/>
                    <pc:TextEquiv conf="0.929106750488281">
                        <pc:Unicode>zur</pc:Unicode>
                    </pc:TextEquiv>
                </pc:Word>
                <pc:Word id="region0013_line0002_word0002">
                    <pc:Coords points="628,1710 942,1710 942,1783 628,1783"/>
                    <pc:TextEquiv conf="0.899925842285156">
                        <pc:Unicode>Wirthſchafft</pc:Unicode>
                    </pc:TextEquiv>
                </pc:Word>
                <pc:Word id="region0013_line0002_word0003">
                    <pc:Coords points="957,1710 1167,1710 1167,1793 957,1793"/>
                    <pc:TextEquiv conf="0.459562492370605">
                        <pc:Unicode>gehoͤrige</pc:Unicode>
                    </pc:TextEquiv>
                </pc:Word>
                <pc:Word id="region0013_line0002_word0004">
                    <pc:Coords points="1178,1709 1402,1709 1402,1799 1178,1799"/>
                    <pc:TextEquiv conf="0.625715980529785">
                        <pc:Unicode>Sachen</pc:Unicode>
                    </pc:TextEquiv>
                </pc:Word>
                <pc:Word id="region0013_line0002_word0005">
                    <pc:Coords points="1406,1709 1389,1709 1389,1799 1406,1799"/>
                    <pc:TextEquiv conf="0.513665924072266">
                        <pc:Unicode>/</pc:Unicode>
                    </pc:TextEquiv>
                </pc:Word>
                <pc:Word id="region0013_line0002_word0006">
                    <pc:Coords points="1416,1712 1557,1712 1557,1788 1416,1788"/>
                    <pc:TextEquiv conf="0.513665924072266">
                        <pc:Unicode>theils</pc:Unicode>
                    </pc:TextEquiv>
                </pc:Word>
                <pc:Word id="region0013_line0002_word0007">
                    <pc:Coords points="1577,1722 1674,1722 1674,1770 1577,1770"/>
                    <pc:TextEquiv conf="0.931535720825195">
                        <pc:Unicode>aus</pc:Unicode>
                    </pc:TextEquiv>
                </pc:Word>
                <pc:Word id="region0013_line0002_word0008">
                    <pc:Coords points="1691,1727 1833,1727 1833,1780 1691,1780"/>
                    <pc:TextEquiv conf="0.930868835449219">
                        <pc:Unicode>guten</pc:Unicode>
                    </pc:TextEquiv>
                </pc:Word>
                <pc:Word id="region0013_line0002_word0009">
                    <pc:Coords points="1847,1718 2113,1718 2113,1789 1847,1789"/>
                    <pc:TextEquiv conf="0.567195472717285">
                        <pc:Unicode>bewaͤhrten</pc:Unicode>
                    </pc:TextEquiv>
                </pc:Word>
                <pc:Word id="region0013_line0002_word0010">
                    <pc:Coords points="2132,1721 2370,1721 2370,1789 2132,1789"/>
                    <pc:TextEquiv conf="0.707932434082031">
                        <pc:Unicode>allerhand</pc:Unicode>
                    </pc:TextEquiv>
                </pc:Word>
                <pc:TextEquiv conf="0.728045304038308">
                    <pc:Unicode>nehme zur Wirthſchafft gehoͤrige Sachen / theils aus guten bewaͤhrten allerhand</pc:Unicode>
                </pc:TextEquiv>
            </pc:TextLine>
            <pc:TextLine id="region0013_line0003">
                <pc:Coords points="371,1778 2371,1778 2371,1871 371,1871"/>
                <pc:Word id="region0013_line0003_word0000">
                    <pc:Coords points="371,1778 623,1778 623,1871 371,1871"/>
                    <pc:TextEquiv conf="0.927203140258789">
                        <pc:Unicode>Sprachen</pc:Unicode>
                    </pc:TextEquiv>
                </pc:Word>
                <pc:Word id="region0013_line0003_word0001">
                    <pc:Coords points="639,1782 1021,1782 1021,1851 639,1851"/>
                    <pc:TextEquiv conf="0.721806793212891">
                        <pc:Unicode>authoren/theils</pc:Unicode>
                    </pc:TextEquiv>
                </pc:Word>
                <pc:Word id="region0013_line0003_word0002">
                    <pc:Coords points="1028,1791 1113,1791 1113,1836 1028,1836"/>
                    <pc:TextEquiv conf="0.927785263061523">
                        <pc:Unicode>mit</pc:Unicode>
                    </pc:TextEquiv>
                </pc:Word>
                <pc:Word id="region0013_line0003_word0003">
                    <pc:Coords points="1123,1779 1358,1779 1358,1852 1123,1852"/>
                    <pc:TextEquiv conf="0.613482704162598">
                        <pc:Unicode>Beyhuͤlff</pc:Unicode>
                    </pc:TextEquiv>
                </pc:Word>
                <pc:Word id="region0013_line0003_word0004">
                    <pc:Coords points="1361,1788 1548,1788 1548,1839 1361,1839"/>
                    <pc:TextEquiv conf="0.81551513671875">
                        <pc:Unicode>anderer</pc:Unicode>
                    </pc:TextEquiv>
                </pc:Word>
                <pc:Word id="region0013_line0003_word0005">
                    <pc:Coords points="1567,1794 1688,1794 1688,1862 1567,1862"/>
                    <pc:TextEquiv conf="0.890224761962891">
                        <pc:Unicode>guter</pc:Unicode>
                    </pc:TextEquiv>
                </pc:Word>
                <pc:Word id="region0013_line0003_word0006">
                    <pc:Coords points="1711,1866 1894,1866 1894,1778 1711,1778"/>
                    <pc:TextEquiv conf="0.902365570068359">
                        <pc:Unicode>Freunde</pc:Unicode>
                    </pc:TextEquiv>
                </pc:Word>
                <pc:Word id="region0013_line0003_word0007">
                    <pc:Coords points="1916,1801 1933,1801 1933,1855 1916,1855"/>
                    <pc:TextEquiv conf="0.757265090942383">
                        <pc:Unicode>/</pc:Unicode>
                    </pc:TextEquiv>
                </pc:Word>
                <pc:Word id="region0013_line0003_word0008">
                    <pc:Coords points="1946,1793 2067,1793 2067,1858 1946,1858"/>
                    <pc:TextEquiv conf="0.757265090942383">
                        <pc:Unicode>nicht</pc:Unicode>
                    </pc:TextEquiv>
                </pc:Word>
                <pc:Word id="region0013_line0003_word0009">
                    <pc:Coords points="2080,1796 2236,1796 2236,1856 2080,1856"/>
                    <pc:TextEquiv conf="0.669651947021484">
                        <pc:Unicode>wemig</pc:Unicode>
                    </pc:TextEquiv>
                </pc:Word>
                <pc:Word id="region0013_line0003_word0010">
                    <pc:Coords points="2255,1792 2371,1792 2371,1857 2255,1857"/>
                    <pc:TextEquiv conf="0.923650054931641">
                        <pc:Unicode>auch</pc:Unicode>
                    </pc:TextEquiv>
                </pc:Word>
                <pc:TextEquiv conf="0.809655959389426">
                    <pc:Unicode>Sprachen authoren/theils mit Beyhuͤlff anderer guter Freunde / nicht wemig auch</pc:Unicode>
                </pc:TextEquiv>
            </pc:TextLine>
            <pc:TextLine id="region0013_line0004">
                <pc:Coords points="372,1851 2372,1851 2372,1932 372,1932"/>
                <pc:Word id="region0013_line0004_word0000">
                    <pc:Coords points="372,1877 466,1877 466,1925 372,1925"/>
                    <pc:TextEquiv conf="0.885942153930664">
                        <pc:Unicode>aus</pc:Unicode>
                    </pc:TextEquiv>
                </pc:Word>
                <pc:Word id="region0013_line0004_word0001">
                    <pc:Coords points="476,1873 623,1873 623,1932 476,1932"/>
                    <pc:TextEquiv conf="0.890377655029297">
                        <pc:Unicode>eigner</pc:Unicode>
                    </pc:TextEquiv>
                </pc:Word>
                <pc:Word id="region0013_line0004_word0002">
                    <pc:Coords points="636,1856 972,1856 972,1919 636,1919"/>
                    <pc:TextEquiv conf="0.924186248779297">
                        <pc:Unicode>Beobachtung</pc:Unicode>
                    </pc:TextEquiv>
                </pc:Word>
                <pc:Word id="region0013_line0004_word0003">
                    <pc:Coords points="982,1854 1003,1854 1003,1908 982,1908"/>
                    <pc:TextEquiv conf="0.903485870361328">
                        <pc:Unicode>/</pc:Unicode>
                    </pc:TextEquiv>
                </pc:Word>
                <pc:Word id="region0013_line0004_word0004">
                    <pc:Coords points="1012,1851 1342,1851 1342,1920 1012,1920"/>
                    <pc:TextEquiv conf="0.661833648681641">
                        <pc:Unicode>Fuͤrmerckung</pc:Unicode>
                    </pc:TextEquiv>
                </pc:Word>
                <pc:Word id="region0013_line0004_word0005">
                    <pc:Coords points="1355,1860 1448,1860 1448,1910 1355,1910"/>
                    <pc:TextEquiv conf="0.932072372436523">
                        <pc:Unicode>und</pc:Unicode>
                    </pc:TextEquiv>
                </pc:Word>
                <pc:Word id="region0013_line0004_word0006">
                    <pc:Coords points="1459,1854 1786,1854 1786,1927 1459,1927"/>
                    <pc:TextEquiv conf="0.849681854248047">
                        <pc:Unicode>Erfahrenheit</pc:Unicode>
                    </pc:TextEquiv>
                </pc:Word>
                <pc:Word id="region0013_line0004_word0007">
                    <pc:Coords points="1805,1859 2040,1859 2040,1930 1805,1930"/>
                    <pc:TextEquiv conf="0.257550201416016">
                        <pc:Unicode>geſamilet</pc:Unicode>
                    </pc:TextEquiv>
                </pc:Word>
                <pc:Word id="region0013_line0004_word0008">
                    <pc:Coords points="2045,1851 2029,1851 2029,1932 2045,1932"/>
                    <pc:TextEquiv conf="0.257550201416016">
                        <pc:Unicode>/</pc:Unicode>
                    </pc:TextEquiv>
                </pc:Word>
                <pc:Word id="region0013_line0004_word0009">
                    <pc:Coords points="2050,1860 2171,1860 2171,1931 2050,1931"/>
                    <pc:TextEquiv conf="0.875485076904297">
                        <pc:Unicode>habe</pc:Unicode>
                    </pc:TextEquiv>
                </pc:Word>
                <pc:Word id="region0013_line0004_word0010">
                    <pc:Coords points="2182,1864 2247,1864 2247,1927 2182,1927"/>
                    <pc:TextEquiv conf="0.930039978027344">
                        <pc:Unicode>ich</pc:Unicode>
                    </pc:TextEquiv>
                </pc:Word>
                <pc:Word id="region0013_line0004_word0011">
                    <pc:Coords points="2255,1859 2372,1859 2372,1929 2255,1929"/>
                    <pc:TextEquiv conf="0.930039978027344">
                        <pc:Unicode>mich</pc:Unicode>
                    </pc:TextEquiv>
                </pc:Word>
                <pc:TextEquiv conf="0.774853769938151">
                    <pc:Unicode>aus eigner Beobachtung / Fuͤrmerckung und Erfahrenheit geſamilet / habe ich mich</pc:Unicode>
                </pc:TextEquiv>
            </pc:TextLine>
            <pc:TextLine id="region0013_line0005">
                <pc:Coords points="374,1923 2374,1923 2374,2004 374,2004"/>
                <pc:Word id="region0013_line0005_word0000">
                    <pc:Coords points="374,1941 539,1941 539,2004 374,2004"/>
                    <pc:TextEquiv conf="0.928442535400391">
                        <pc:Unicode>endlich</pc:Unicode>
                    </pc:TextEquiv>
                </pc:Word>
                <pc:Word id="region0013_line0005_word0001">
                    <pc:Coords points="552,1929 743,1929 743,1990 552,1990"/>
                    <pc:TextEquiv conf="0.695318984985352">
                        <pc:Unicode>daruͤber</pc:Unicode>
                    </pc:TextEquiv>
                </pc:Word>
                <pc:Word id="region0013_line0005_word0002">
                    <pc:Coords points="942,1923 770,1923 770,2004 942,2004"/>
                    <pc:TextEquiv conf="0.901713714599609">
                        <pc:Unicode>gemacht</pc:Unicode>
                    </pc:TextEquiv>
                </pc:Word>
                <pc:Word id="region0013_line0005_word0003">
                    <pc:Coords points="963,1934 977,1934 977,1988 963,1988"/>
                    <pc:TextEquiv conf="0.902420959472656">
                        <pc:Unicode>/</pc:Unicode>
                    </pc:TextEquiv>
                </pc:Word>
                <pc:Word id="region0013_line0005_word0004">
                    <pc:Coords points="1072,1923 1000,1923 1000,2004 1072,2004"/>
                    <pc:TextEquiv conf="0.843240280151367">
                        <pc:Unicode>und</pc:Unicode>
                    </pc:TextEquiv>
                </pc:Word>
                <pc:Word id="region0013_line0005_word0005">
                    <pc:Coords points="1234,1923 1089,1923 1089,2004 1234,2004"/>
                    <pc:TextEquiv conf="0.843240280151367">
                        <pc:Unicode>dieſes</pc:Unicode>
                    </pc:TextEquiv>
                </pc:Word>
                <pc:Word id="region0013_line0005_word0006">
                    <pc:Coords points="1260,1924 1387,1924 1387,1980 1260,1980"/>
                    <pc:TextEquiv conf="0.919275360107422">
                        <pc:Unicode>Werck</pc:Unicode>
                    </pc:TextEquiv>
                </pc:Word>
                <pc:Word id="region0013_line0005_word0007">
                    <pc:Coords points="1408,1931 1453,1931 1453,1976 1408,1976"/>
                    <pc:TextEquiv conf="0.919275360107422">
                        <pc:Unicode>in</pc:Unicode>
                    </pc:TextEquiv>
                </pc:Word>
                <pc:Word id="region0013_line0005_word0008">
                    <pc:Coords points="1468,1927 1606,1927 1606,1988 1468,1988"/>
                    <pc:TextEquiv conf="0.89090934753418">
                        <pc:Unicode>Prola,</pc:Unicode>
                    </pc:TextEquiv>
                </pc:Word>
                <pc:Word id="region0013_line0005_word0009">
                    <pc:Coords points="1616,1936 1730,1936 1730,1993 1616,1993"/>
                    <pc:TextEquiv conf="0.92764762878418">
                        <pc:Unicode>nach</pc:Unicode>
                    </pc:TextEquiv>
                </pc:Word>
                <pc:Word id="region0013_line0005_word0010">
                    <pc:Coords points="1743,1939 1835,1939 1835,1987 1743,1987"/>
                    <pc:TextEquiv conf="0.930004272460938">
                        <pc:Unicode>und</pc:Unicode>
                    </pc:TextEquiv>
                </pc:Word>
                <pc:Word id="region0013_line0005_word0011">
                    <pc:Coords points="1846,1934 1963,1934 1963,1997 1846,1997"/>
                    <pc:TextEquiv conf="0.922042007446289">
                        <pc:Unicode>nach</pc:Unicode>
                    </pc:TextEquiv>
                </pc:Word>
                <pc:Word id="region0013_line0005_word0012">
                    <pc:Coords points="1976,1939 2025,1939 2025,1989 1976,1989"/>
                    <pc:TextEquiv conf="0.930650329589844">
                        <pc:Unicode>in</pc:Unicode>
                    </pc:TextEquiv>
                </pc:Word>
                <pc:Word id="region0013_line0005_word0013">
                    <pc:Coords points="2037,1936 2110,1936 2110,1988 2037,1988"/>
                    <pc:TextEquiv conf="0.861752471923828">
                        <pc:Unicode>ein</pc:Unicode>
                    </pc:TextEquiv>
                </pc:Word>
                <pc:Word id="region0013_line0005_word0014">
                    <pc:Coords points="2119,1946 2235,1946 2235,2002 2119,2002"/>
                    <pc:TextEquiv conf="0.899007263183594">
                        <pc:Unicode>paar</pc:Unicode>
                    </pc:TextEquiv>
                </pc:Word>
                <pc:Word id="region0013_line0005_word0015">
                    <pc:Coords points="2248,1932 2374,1932 2374,2003 2248,2003"/>
                    <pc:TextEquiv conf="0.925581893920898">
                        <pc:Unicode>Jah⸗</pc:Unicode>
                    </pc:TextEquiv>
                </pc:Word>
                <pc:TextEquiv conf="0.890032668113709">
                    <pc:Unicode>endlich daruͤber gemacht / und dieſes Werck in Prola, nach und nach in ein paar Jah⸗</pc:Unicode>
                </pc:TextEquiv>
            </pc:TextLine>
            <pc:TextEquiv conf="0.782241041357555">
                <pc:Unicode>— Olia, E exemptum curès gravioribus ævum
haben und genieſſen koͤnnen / alſo indem ich die vorige gantze Zeit uber / allerley vor⸗
nehme zur Wirthſchafft gehoͤrige Sachen / theils aus guten bewaͤhrten allerhand
Sprachen authoren/theils mit Beyhuͤlff anderer guter Freunde / nicht wemig auch
aus eigner Beobachtung / Fuͤrmerckung und Erfahrenheit geſamilet / habe ich mich
endlich daruͤber gemacht / und dieſes Werck in Prola, nach und nach in ein paar Jah⸗</pc:Unicode>
            </pc:TextEquiv>
        </pc:TextRegion>
        <pc:TextRegion id="region0014" orientation="0.43710926843579" readingDirection="left-to-right" textLineOrder="top-to-bottom">
            <pc:Coords points="374,2067 2385,2067 2385,3007 374,3007"/>
            <pc:TextLine id="region0014_line0000">
                <pc:Coords points="374,2067 1491,2067 1491,2156 374,2156"/>
                <pc:Word id="region0014_line0000_word0000">
                    <pc:Coords points="374,2087 528,2087 528,2156 374,2156"/>
                    <pc:TextEquiv conf="0.529706115722656">
                        <pc:Unicode>piemit</pc:Unicode>
                    </pc:TextEquiv>
                </pc:Word>
                <pc:Word id="region0014_line0000_word0001">
                    <pc:Coords points="538,2071 1002,2071 1002,2129 538,2129"/>
                    <pc:TextEquiv conf="0.">
                        <pc:Unicode>öommaniciren</pc:Unicode>
                    </pc:TextEquiv>
                </pc:Word>
                <pc:Word id="region0014_line0000_word0002">
                    <pc:Coords points="1004,2067 916,2067 916,2156 1004,2156"/>
                    <pc:TextEquiv conf="0.926268615722656">
                        <pc:Unicode>und</pc:Unicode>
                    </pc:TextEquiv>
                </pc:Word>
                <pc:Word id="region0014_line0000_word0003">
                    <pc:Coords points="1010,2067 1256,2067 1256,2135 1010,2135"/>
                    <pc:TextEquiv conf="0.830499725341797">
                        <pc:Unicode>mittheilen</pc:Unicode>
                    </pc:TextEquiv>
                </pc:Word>
                <pc:Word id="region0014_line0000_word0004">
                    <pc:Coords points="1270,2069 1491,2069 1491,2141 1270,2141"/>
                    <pc:TextEquiv conf="0.887739410400391">
                        <pc:Unicode>wollen.</pc:Unicode>
                    </pc:TextEquiv>
                </pc:Word>
                <pc:TextEquiv conf="0.8348427734375">
                    <pc:Unicode>piemit öommaniciren und mittheilen wollen.</pc:Unicode>
                </pc:TextEquiv>
            </pc:TextLine>
            <pc:TextLine id="region0014_line0001">
                <pc:Coords points="493,2138 2376,2138 2376,2217 493,2217"/>
                <pc:Word id="region0014_line0001_word0000">
                    <pc:Coords points="493,2150 669,2150 669,2210 493,2210"/>
                    <pc:TextEquiv conf="0.685283813476563">
                        <pc:Unicode>Damit</pc:Unicode>
                    </pc:TextEquiv>
                </pc:Word>
                <pc:Word id="region0014_line0001_word0001">
                    <pc:Coords points="678,2154 787,2154 787,2200 678,2200"/>
                    <pc:TextEquiv conf="0.899956130981445">
                        <pc:Unicode>man</pc:Unicode>
                    </pc:TextEquiv>
                </pc:Word>
                <pc:Word id="region0014_line0001_word0002">
                    <pc:Coords points="798,2139 907,2139 907,2195 798,2195"/>
                    <pc:TextEquiv conf="0.808829040527344">
                        <pc:Unicode>aber</pc:Unicode>
                    </pc:TextEquiv>
                </pc:Word>
                <pc:Word id="region0014_line0001_word0003">
                    <pc:Coords points="917,2141 1035,2141 1035,2202 917,2202"/>
                    <pc:TextEquiv conf="0.808829040527344">
                        <pc:Unicode>nicht</pc:Unicode>
                    </pc:TextEquiv>
                </pc:Word>
                <pc:Word id="region0014_line0001_word0004">
                    <pc:Coords points="1045,2138 1306,2138 1306,2204 1045,2204"/>
                    <pc:TextEquiv conf="0.536889953613281">
                        <pc:Unicode>vorwerſſen</pc:Unicode>
                    </pc:TextEquiv>
                </pc:Word>
                <pc:Word id="region0014_line0001_word0005">
                    <pc:Coords points="1317,2141 1469,2141 1469,2207 1317,2207"/>
                    <pc:TextEquiv conf="0.779623413085938">
                        <pc:Unicode>moge/</pc:Unicode>
                    </pc:TextEquiv>
                </pc:Word>
                <pc:Word id="region0014_line0001_word0006">
                    <pc:Coords points="1480,2141 1546,2141 1546,2206 1480,2206"/>
                    <pc:TextEquiv conf="0.903415756225586">
                        <pc:Unicode>ich</pc:Unicode>
                    </pc:TextEquiv>
                </pc:Word>
                <pc:Word id="region0014_line0001_word0007">
                    <pc:Coords points="1556,2141 1718,2141 1718,2210 1556,2210"/>
                    <pc:TextEquiv conf="0.892289047241211">
                        <pc:Unicode>handle</pc:Unicode>
                    </pc:TextEquiv>
                </pc:Word>
                <pc:Word id="region0014_line0001_word0008">
                    <pc:Coords points="1732,2152 1823,2152 1823,2201 1732,2201"/>
                    <pc:TextEquiv conf="0.88652458190918">
                        <pc:Unicode>von</pc:Unicode>
                    </pc:TextEquiv>
                </pc:Word>
                <pc:Word id="region0014_line0001_word0009">
                    <pc:Coords points="1841,2147 1924,2147 1924,2199 1841,2199"/>
                    <pc:TextEquiv conf="0.88652458190918">
                        <pc:Unicode>der</pc:Unicode>
                    </pc:TextEquiv>
                </pc:Word>
                <pc:Word id="region0014_line0001_word0010">
                    <pc:Coords points="1933,2144 2376,2144 2376,2217 1933,2217"/>
                    <pc:TextEquiv conf="0.877364807128906">
                        <pc:Unicode>Wirthſchafft</pc:Unicode>
                    </pc:TextEquiv>
                </pc:Word>
                <pc:Word id="region0014_line0001_word0011">
                    <pc:Coords points="2289,2138 2262,2138 2262,2217 2289,2217"/>
                    <pc:TextEquiv conf="0.877364807128906">
                        <pc:Unicode>/</pc:Unicode>
                    </pc:TextEquiv>
                </pc:Word>
                <pc:Word id="region0014_line0001_word0012">
                    <pc:Coords points="2307,2217 2376,2217 2376,2138 2307,2138"/>
                    <pc:TextEquiv conf="0.887290267944336">
                        <pc:Unicode>und</pc:Unicode>
                    </pc:TextEquiv>
                </pc:Word>
                <pc:TextEquiv conf="0.825398864746094">
                    <pc:Unicode>Damit man aber nicht vorwerſſen moge/ ich handle von der Wirthſchafft / und</pc:Unicode>
                </pc:TextEquiv>
            </pc:TextLine>
            <pc:TextLine id="region0014_line0002">
                <pc:Coords points="375,2210 2378,2210 2378,2289 375,2289"/>
                <pc:Word id="region0014_line0002_word0000">
                    <pc:Coords points="375,2226 508,2226 508,2284 375,2284"/>
                    <pc:TextEquiv conf="0.477208023071289">
                        <pc:Unicode>melde</pc:Unicode>
                    </pc:TextEquiv>
                </pc:Word>
                <pc:Word id="region0014_line0002_word0001">
                    <pc:Coords points="516,2222 633,2222 633,2285 516,2285"/>
                    <pc:TextEquiv conf="0.477208023071289">
                        <pc:Unicode>nicht</pc:Unicode>
                    </pc:TextEquiv>
                </pc:Word>
                <pc:Word id="region0014_line0002_word0002">
                    <pc:Coords points="646,2236 668,2236 668,2273 646,2273"/>
                    <pc:TextEquiv conf="0.914576110839844">
                        <pc:Unicode>/</pc:Unicode>
                    </pc:TextEquiv>
                </pc:Word>
                <pc:Word id="region0014_line0002_word0003">
                    <pc:Coords points="679,2220 787,2220 787,2271 679,2271"/>
                    <pc:TextEquiv conf="0.914576110839844">
                        <pc:Unicode>was</pc:Unicode>
                    </pc:TextEquiv>
                </pc:Word>
                <pc:Word id="region0014_line0002_word0004">
                    <pc:Coords points="799,2211 853,2211 853,2281 799,2281"/>
                    <pc:TextEquiv conf="0.912209548950195">
                        <pc:Unicode>ſie</pc:Unicode>
                    </pc:TextEquiv>
                </pc:Word>
                <pc:Word id="region0014_line0002_word0005">
                    <pc:Coords points="872,2210 941,2210 941,2279 872,2279"/>
                    <pc:TextEquiv conf="0.65928466796875">
                        <pc:Unicode>ſey</pc:Unicode>
                    </pc:TextEquiv>
                </pc:Word>
                <pc:Word id="region0014_line0002_word0006">
                    <pc:Coords points="963,2225 971,2225 971,2266 963,2266"/>
                    <pc:TextEquiv conf="0.65928466796875">
                        <pc:Unicode>/</pc:Unicode>
                    </pc:TextEquiv>
                </pc:Word>
                <pc:Word id="region0014_line0002_word0007">
                    <pc:Coords points="982,2212 1127,2212 1127,2279 982,2279"/>
                    <pc:TextEquiv conf="0.371885604858398">
                        <pc:Unicode>hates</pc:Unicode>
                    </pc:TextEquiv>
                </pc:Word>
                <pc:Word id="region0014_line0002_word0008">
                    <pc:Coords points="1136,2211 1248,2211 1248,2276 1136,2276"/>
                    <pc:TextEquiv conf="0.874182052612305">
                        <pc:Unicode>mich</pc:Unicode>
                    </pc:TextEquiv>
                </pc:Word>
                <pc:Word id="region0014_line0002_word0009">
                    <pc:Coords points="1254,2210 1465,2210 1465,2277 1254,2277"/>
                    <pc:TextEquiv conf="0.874182052612305">
                        <pc:Unicode>anfangs</pc:Unicode>
                    </pc:TextEquiv>
                </pc:Word>
                <pc:Word id="region0014_line0002_word0010">
                    <pc:Coords points="1478,2217 1642,2217 1642,2270 1478,2270"/>
                    <pc:TextEquiv conf="0.845201721191406">
                        <pc:Unicode>darum</pc:Unicode>
                    </pc:TextEquiv>
                </pc:Word>
                <pc:Word id="region0014_line0002_word0011">
                    <pc:Coords points="1654,2217 1849,2217 1849,2282 1654,2282"/>
                    <pc:TextEquiv conf="0.524658889770508">
                        <pc:Unicode>unnoͤtig</pc:Unicode>
                    </pc:TextEquiv>
                </pc:Word>
                <pc:Word id="region0014_line0002_word0012">
                    <pc:Coords points="1858,2219 2075,2219 2075,2283 1858,2283"/>
                    <pc:TextEquiv conf="0.394618911743164">
                        <pc:Unicode>gedaucht</pc:Unicode>
                    </pc:TextEquiv>
                </pc:Word>
                <pc:Word id="region0014_line0002_word0013">
                    <pc:Coords points="2085,2236 2108,2236 2108,2273 2085,2273"/>
                    <pc:TextEquiv conf="0.394618911743164">
                        <pc:Unicode>/</pc:Unicode>
                    </pc:TextEquiv>
                </pc:Word>
                <pc:Word id="region0014_line0002_word0014">
                    <pc:Coords points="2119,2224 2221,2224 2221,2275 2119,2275"/>
                    <pc:TextEquiv conf="0.339511413574219">
                        <pc:Unicode>weil</pc:Unicode>
                    </pc:TextEquiv>
                </pc:Word>
                <pc:Word id="region0014_line0002_word0015">
                    <pc:Coords points="2229,2226 2287,2226 2287,2273 2229,2273"/>
                    <pc:TextEquiv conf="0.882263641357422">
                        <pc:Unicode>es</pc:Unicode>
                    </pc:TextEquiv>
                </pc:Word>
                <pc:Word id="region0014_line0002_word0016">
                    <pc:Coords points="2300,2219 2378,2219 2378,2289 2300,2289"/>
                    <pc:TextEquiv conf="0.898742294311523">
                        <pc:Unicode>oh⸗</pc:Unicode>
                    </pc:TextEquiv>
                </pc:Word>
                <pc:TextEquiv conf="0.67142427332261">
                    <pc:Unicode>melde nicht / was ſie ſey / hates mich anfangs darum unnoͤtig gedaucht / weil es oh⸗</pc:Unicode>
                </pc:TextEquiv>
            </pc:TextLine>
            <pc:TextLine id="region0014_line0003">
                <pc:Coords points="376,2280 2378,2280 2378,2362 376,2362"/>
                <pc:Word id="region0014_line0003_word0000">
                    <pc:Coords points="376,2311 433,2311 433,2354 376,2354"/>
                    <pc:TextEquiv conf="0.929723892211914">
                        <pc:Unicode>ne</pc:Unicode>
                    </pc:TextEquiv>
                </pc:Word>
                <pc:Word id="region0014_line0003_word0001">
                    <pc:Coords points="446,2296 524,2296 524,2362 446,2362"/>
                    <pc:TextEquiv conf="0.931162872314453">
                        <pc:Unicode>diß</pc:Unicode>
                    </pc:TextEquiv>
                </pc:Word>
                <pc:Word id="region0014_line0003_word0002">
                    <pc:Coords points="535,2297 608,2297 608,2346 535,2346"/>
                    <pc:TextEquiv conf="0.908189697265625">
                        <pc:Unicode>ein</pc:Unicode>
                    </pc:TextEquiv>
                </pc:Word>
                <pc:Word id="region0014_line0003_word0003">
                    <pc:Coords points="616,2287 864,2287 864,2357 616,2357"/>
                    <pc:TextEquiv conf="0.926443634033203">
                        <pc:Unicode>Jederman</pc:Unicode>
                    </pc:TextEquiv>
                </pc:Word>
                <pc:Word id="region0014_line0003_word0004">
                    <pc:Coords points="876,2282 1128,2282 1128,2338 876,2338"/>
                    <pc:TextEquiv conf="0.915905075073242">
                        <pc:Unicode>bekanntes</pc:Unicode>
                    </pc:TextEquiv>
                </pc:Word>
                <pc:Word id="region0014_line0003_word0005">
                    <pc:Coords points="1137,2280 1278,2280 1278,2359 1137,2359"/>
                    <pc:TextEquiv conf="0.907650451660156">
                        <pc:Unicode>Ding</pc:Unicode>
                    </pc:TextEquiv>
                </pc:Word>
                <pc:Word id="region0014_line0003_word0006">
                    <pc:Coords points="1288,2284 1343,2284 1343,2351 1288,2351"/>
                    <pc:TextEquiv conf="0.902563247680664">
                        <pc:Unicode>iſt</pc:Unicode>
                    </pc:TextEquiv>
                </pc:Word>
                <pc:Word id="region0014_line0003_word0007">
                    <pc:Coords points="1369,2294 1379,2294 1379,2335 1369,2335"/>
                    <pc:TextEquiv conf="0.843616638183594">
                        <pc:Unicode>/</pc:Unicode>
                    </pc:TextEquiv>
                </pc:Word>
                <pc:Word id="region0014_line0003_word0008">
                    <pc:Coords points="1392,2285 1484,2285 1484,2353 1392,2353"/>
                    <pc:TextEquiv conf="0.843616638183594">
                        <pc:Unicode>ohn</pc:Unicode>
                    </pc:TextEquiv>
                </pc:Word>
                <pc:Word id="region0014_line0003_word0009">
                    <pc:Coords points="1494,2285 1683,2285 1683,2350 1494,2350"/>
                    <pc:TextEquiv conf="0.904413833618164">
                        <pc:Unicode>welches</pc:Unicode>
                    </pc:TextEquiv>
                </pc:Word>
                <pc:Word id="region0014_line0003_word0010">
                    <pc:Coords points="1693,2291 1784,2291 1784,2341 1693,2341"/>
                    <pc:TextEquiv conf="0.929036712646484">
                        <pc:Unicode>das</pc:Unicode>
                    </pc:TextEquiv>
                </pc:Word>
                <pc:Word id="region0014_line0003_word0011">
                    <pc:Coords points="1804,2286 2080,2286 2080,2358 1804,2358"/>
                    <pc:TextEquiv conf="0.91872932434082">
                        <pc:Unicode>menſchliche</pc:Unicode>
                    </pc:TextEquiv>
                </pc:Word>
                <pc:Word id="region0014_line0003_word0012">
                    <pc:Coords points="2090,2288 2236,2288 2236,2347 2090,2347"/>
                    <pc:TextEquiv conf="0.928537445068359">
                        <pc:Unicode>Leben</pc:Unicode>
                    </pc:TextEquiv>
                </pc:Word>
                <pc:Word id="region0014_line0003_word0013">
                    <pc:Coords points="2257,2292 2378,2292 2378,2356 2257,2356"/>
                    <pc:TextEquiv conf="0.925902099609375">
                        <pc:Unicode>nicht</pc:Unicode>
                    </pc:TextEquiv>
                </pc:Word>
                <pc:TextEquiv conf="0.908249397277832">
                    <pc:Unicode>ne diß ein Jederman bekanntes Ding iſt / ohn welches das menſchliche Leben nicht</pc:Unicode>
                </pc:TextEquiv>
            </pc:TextLine>
            <pc:TextLine id="region0014_line0004">
                <pc:Coords points="378,2352 2382,2352 2382,2435 378,2435"/>
                <pc:Word id="region0014_line0004_word0000">
                    <pc:Coords points="378,2367 573,2367 573,2435 378,2435"/>
                    <pc:TextEquiv conf="0.927398910522461">
                        <pc:Unicode>beſtehen</pc:Unicode>
                    </pc:TextEquiv>
                </pc:Word>
                <pc:Word id="region0014_line0004_word0001">
                    <pc:Coords points="584,2363 671,2363 671,2416 584,2416"/>
                    <pc:TextEquiv conf="0.890770645141602">
                        <pc:Unicode>kan</pc:Unicode>
                    </pc:TextEquiv>
                </pc:Word>
                <pc:Word id="region0014_line0004_word0002">
                    <pc:Coords points="695,2374 705,2374 705,2412 695,2412"/>
                    <pc:TextEquiv conf="0.890770645141602">
                        <pc:Unicode>/</pc:Unicode>
                    </pc:TextEquiv>
                </pc:Word>
                <pc:Word id="region0014_line0004_word0003">
                    <pc:Coords points="716,2359 924,2359 924,2410 716,2410"/>
                    <pc:TextEquiv conf="0.899779968261719">
                        <pc:Unicode>damit</pc:Unicode>
                    </pc:TextEquiv>
                </pc:Word>
                <pc:Word id="region0014_line0004_word0004">
                    <pc:Coords points="919,2352 877,2352 877,2435 919,2435"/>
                    <pc:TextEquiv conf="0.858327941894531">
                        <pc:Unicode>es</pc:Unicode>
                    </pc:TextEquiv>
                </pc:Word>
                <pc:Word id="region0014_line0004_word0005">
                    <pc:Coords points="934,2352 1039,2352 1039,2407 934,2407"/>
                    <pc:TextEquiv conf="0.912587051391602">
                        <pc:Unicode>aber</pc:Unicode>
                    </pc:TextEquiv>
                </pc:Word>
                <pc:Word id="region0014_line0004_word0006">
                    <pc:Coords points="1058,2353 1133,2353 1133,2417 1058,2417"/>
                    <pc:TextEquiv conf="0.912587051391602">
                        <pc:Unicode>auf</pc:Unicode>
                    </pc:TextEquiv>
                </pc:Word>
                <pc:Word id="region0014_line0004_word0007">
                    <pc:Coords points="1157,2360 1232,2360 1232,2407 1157,2407"/>
                    <pc:TextEquiv conf="0.763210372924805">
                        <pc:Unicode>das</pc:Unicode>
                    </pc:TextEquiv>
                </pc:Word>
                <pc:Word id="region0014_line0004_word0008">
                    <pc:Coords points="1248,2356 1449,2356 1449,2420 1248,2420"/>
                    <pc:TextEquiv conf="0.653447723388672">
                        <pc:Unicode>kurtzeſte</pc:Unicode>
                    </pc:TextEquiv>
                </pc:Word>
                <pc:Word id="region0014_line0004_word0009">
                    <pc:Coords points="1463,2355 1819,2355 1819,2423 1463,2423"/>
                    <pc:TextEquiv conf="0.834654083251953">
                        <pc:Unicode>geſchehe/iſt</pc:Unicode>
                    </pc:TextEquiv>
                </pc:Word>
                <pc:Word id="region0014_line0004_word0010">
                    <pc:Coords points="1843,2352 1768,2352 1768,2435 1843,2435"/>
                    <pc:TextEquiv conf="0.914463806152344">
                        <pc:Unicode>die</pc:Unicode>
                    </pc:TextEquiv>
                </pc:Word>
                <pc:Word id="region0014_line0004_word0011">
                    <pc:Coords points="1834,2365 2122,2365 2122,2408 1834,2408"/>
                    <pc:TextEquiv conf="0.796273040771484">
                        <pc:Unicode>Oeconomia</pc:Unicode>
                    </pc:TextEquiv>
                </pc:Word>
                <pc:Word id="region0014_line0004_word0012">
                    <pc:Coords points="2134,2361 2285,2361 2285,2424 2134,2424"/>
                    <pc:TextEquiv conf="0.923752822875977">
                        <pc:Unicode>nichts</pc:Unicode>
                    </pc:TextEquiv>
                </pc:Word>
                <pc:Word id="region0014_line0004_word0013">
                    <pc:Coords points="2294,2374 2382,2374 2382,2416 2294,2416"/>
                    <pc:TextEquiv conf="0.841004104614258">
                        <pc:Unicode>an⸗</pc:Unicode>
                    </pc:TextEquiv>
                </pc:Word>
                <pc:TextEquiv conf="0.858502011980329">
                    <pc:Unicode>beſtehen kan / damit es aber auf das kurtzeſte geſchehe/iſt die Oeconomia nichts an⸗</pc:Unicode>
                </pc:TextEquiv>
            </pc:TextLine>
            <pc:TextLine id="region0014_line0005">
                <pc:Coords points="379,2422 2381,2422 2381,2499 379,2499"/>
                <pc:Word id="region0014_line0005_word0000">
                    <pc:Coords points="379,2446 510,2446 510,2496 379,2496"/>
                    <pc:TextEquiv conf="0.846017150878906">
                        <pc:Unicode>ders</pc:Unicode>
                    </pc:TextEquiv>
                </pc:Word>
                <pc:Word id="region0014_line0005_word0001">
                    <pc:Coords points="514,2422 497,2422 497,2499 514,2499"/>
                    <pc:TextEquiv conf="0.846017150878906">
                        <pc:Unicode>/</pc:Unicode>
                    </pc:TextEquiv>
                </pc:Word>
                <pc:Word id="region0014_line0005_word0002">
                    <pc:Coords points="520,2437 598,2437 598,2492 520,2492"/>
                    <pc:TextEquiv conf="0.860702896118164">
                        <pc:Unicode>als</pc:Unicode>
                    </pc:TextEquiv>
                </pc:Word>
                <pc:Word id="region0014_line0005_word0003">
                    <pc:Coords points="608,2437 699,2437 699,2486 608,2486"/>
                    <pc:TextEquiv conf="0.88088752746582">
                        <pc:Unicode>eine</pc:Unicode>
                    </pc:TextEquiv>
                </pc:Word>
                <pc:Word id="region0014_line0005_word0004">
                    <pc:Coords points="708,2425 831,2425 831,2492 708,2492"/>
                    <pc:TextEquiv conf="0.893336944580078">
                        <pc:Unicode>weiſe</pc:Unicode>
                    </pc:TextEquiv>
                </pc:Word>
                <pc:Word id="region0014_line0005_word0005">
                    <pc:Coords points="845,2422 1185,2422 1185,2492 845,2492"/>
                    <pc:TextEquiv conf="0.646166381835938">
                        <pc:Unicode>Vorſichtigteit</pc:Unicode>
                    </pc:TextEquiv>
                </pc:Word>
                <pc:Word id="region0014_line0005_word0006">
                    <pc:Coords points="1233,2428 1330,2428 1330,2477 1233,2477"/>
                    <pc:TextEquiv conf="0.4487548828125">
                        <pc:Unicode>/eine</pc:Unicode>
                    </pc:TextEquiv>
                </pc:Word>
                <pc:Word id="region0014_line0005_word0007">
                    <pc:Coords points="1344,2423 1787,2423 1787,2493 1344,2493"/>
                    <pc:TextEquiv conf="0.724362487792969">
                        <pc:Unicode>Hauswirthſchafft</pc:Unicode>
                    </pc:TextEquiv>
                </pc:Word>
                <pc:Word id="region0014_line0005_word0008">
                    <pc:Coords points="1796,2426 1993,2426 1993,2492 1796,2492"/>
                    <pc:TextEquiv conf="0.517415962219238">
                        <pc:Unicode>begluckt</pc:Unicode>
                    </pc:TextEquiv>
                </pc:Word>
                <pc:Word id="region0014_line0005_word0009">
                    <pc:Coords points="2012,2430 2278,2430 2278,2497 2012,2497"/>
                    <pc:TextEquiv conf="0.708024139404297">
                        <pc:Unicode>anzuſtelien</pc:Unicode>
                    </pc:TextEquiv>
                </pc:Word>
                <pc:Word id="region0014_line0005_word0010">
                    <pc:Coords points="2291,2449 2315,2449 2315,2487 2291,2487"/>
                    <pc:TextEquiv conf="0.818204193115234">
                        <pc:Unicode>/</pc:Unicode>
                    </pc:TextEquiv>
                </pc:Word>
                <pc:Word id="region0014_line0005_word0011">
                    <pc:Coords points="2327,2439 2381,2439 2381,2499 2327,2499"/>
                    <pc:TextEquiv conf="0.865020294189453">
                        <pc:Unicode>zu</pc:Unicode>
                    </pc:TextEquiv>
                </pc:Word>
                <pc:TextEquiv conf="0.754575834274292">
                    <pc:Unicode>ders / als eine weiſe Vorſichtigteit /eine Hauswirthſchafft begluckt anzuſtelien / zu</pc:Unicode>
                </pc:TextEquiv>
            </pc:TextLine>
            <pc:TextLine id="region0014_line0006">
                <pc:Coords points="379,2493 2378,2493 2378,2582 379,2582"/>
                <pc:Word id="region0014_line0006_word0000">
                    <pc:Coords points="379,2513 567,2513 567,2582 379,2582"/>
                    <pc:TextEquiv conf="0.475075988769531">
                        <pc:Unicode>faͤhren</pc:Unicode>
                    </pc:TextEquiv>
                </pc:Word>
                <pc:Word id="region0014_line0006_word0001">
                    <pc:Coords points="577,2493 550,2493 550,2582 577,2582"/>
                    <pc:TextEquiv conf="0.883682098388672">
                        <pc:Unicode>/</pc:Unicode>
                    </pc:TextEquiv>
                </pc:Word>
                <pc:Word id="region0014_line0006_word0002">
                    <pc:Coords points="576,2509 669,2509 669,2576 576,2576"/>
                    <pc:TextEquiv conf="0.905454406738281">
                        <pc:Unicode>und</pc:Unicode>
                    </pc:TextEquiv>
                </pc:Word>
                <pc:Word id="region0014_line0006_word0003">
                    <pc:Coords points="678,2512 730,2512 730,2567 678,2567"/>
                    <pc:TextEquiv conf="0.875006256103516">
                        <pc:Unicode>zu</pc:Unicode>
                    </pc:TextEquiv>
                </pc:Word>
                <pc:Word id="region0014_line0006_word0004">
                    <pc:Coords points="748,2497 977,2497 977,2565 748,2565"/>
                    <pc:TextEquiv conf="0.758083343505859">
                        <pc:Unicode>erhalten</pc:Unicode>
                    </pc:TextEquiv>
                </pc:Word>
                <pc:Word id="region0014_line0006_word0005">
                    <pc:Coords points="988,2493 970,2493 970,2582 988,2582"/>
                    <pc:TextEquiv conf="0.758083343505859">
                        <pc:Unicode>/</pc:Unicode>
                    </pc:TextEquiv>
                </pc:Word>
                <pc:Word id="region0014_line0006_word0006">
                    <pc:Coords points="1005,2501 1084,2501 1084,2549 1005,2549"/>
                    <pc:TextEquiv conf="0.799487762451172">
                        <pc:Unicode>und</pc:Unicode>
                    </pc:TextEquiv>
                </pc:Word>
                <pc:Word id="region0014_line0006_word0007">
                    <pc:Coords points="1101,2498 1198,2498 1198,2548 1101,2548"/>
                    <pc:TextEquiv conf="0.799487762451172">
                        <pc:Unicode>wird</pc:Unicode>
                    </pc:TextEquiv>
                </pc:Word>
                <pc:Word id="region0014_line0006_word0008">
                    <pc:Coords points="1224,2493 1307,2493 1307,2563 1224,2563"/>
                    <pc:TextEquiv conf="0.893218231201172">
                        <pc:Unicode>ſich</pc:Unicode>
                    </pc:TextEquiv>
                </pc:Word>
                <pc:Word id="region0014_line0006_word0009">
                    <pc:Coords points="1321,2494 1438,2494 1438,2559 1321,2559"/>
                    <pc:TextEquiv conf="0.777682876586914">
                        <pc:Unicode>nicht</pc:Unicode>
                    </pc:TextEquiv>
                </pc:Word>
                <pc:Word id="region0014_line0006_word0010">
                    <pc:Coords points="1460,2493 1552,2493 1552,2551 1460,2551"/>
                    <pc:TextEquiv conf="0.657916030883789">
                        <pc:Unicode>ubel</pc:Unicode>
                    </pc:TextEquiv>
                </pc:Word>
                <pc:Word id="region0014_line0006_word0011">
                    <pc:Coords points="1810,2493 1573,2493 1573,2582 1810,2582"/>
                    <pc:TextEquiv conf="0.778241195678711">
                        <pc:Unicode>herreimen</pc:Unicode>
                    </pc:TextEquiv>
                </pc:Word>
                <pc:Word id="region0014_line0006_word0012">
                    <pc:Coords points="1836,2513 1846,2513 1846,2555 1836,2555"/>
                    <pc:TextEquiv conf="0.695528869628906">
                        <pc:Unicode>/</pc:Unicode>
                    </pc:TextEquiv>
                </pc:Word>
                <pc:Word id="region0014_line0006_word0013">
                    <pc:Coords points="1860,2505 1969,2505 1969,2554 1860,2554"/>
                    <pc:TextEquiv conf="0.695528869628906">
                        <pc:Unicode>was</pc:Unicode>
                    </pc:TextEquiv>
                </pc:Word>
                <pc:Word id="region0014_line0006_word0014">
                    <pc:Coords points="1979,2503 2060,2503 2060,2555 1979,2555"/>
                    <pc:TextEquiv conf="0.911089324951172">
                        <pc:Unicode>der</pc:Unicode>
                    </pc:TextEquiv>
                </pc:Word>
                <pc:Word id="region0014_line0006_word0015">
                    <pc:Coords points="2069,2502 2260,2502 2260,2572 2069,2572"/>
                    <pc:TextEquiv conf="0.80331787109375">
                        <pc:Unicode>gelehrte</pc:Unicode>
                    </pc:TextEquiv>
                </pc:Word>
                <pc:Word id="region0014_line0006_word0016">
                    <pc:Coords points="2282,2501 2378,2501 2378,2552 2282,2552"/>
                    <pc:TextEquiv conf="0.25362434387207">
                        <pc:Unicode>blu-</pc:Unicode>
                    </pc:TextEquiv>
                </pc:Word>
                <pc:TextEquiv conf="0.748265210319968">
                    <pc:Unicode>faͤhren / und zu erhalten / und wird ſich nicht ubel herreimen / was der gelehrte blu-</pc:Unicode>
                </pc:TextEquiv>
            </pc:TextLine>
            <pc:TextLine id="region0014_line0007">
                <pc:Coords points="380,2564 2381,2564 2381,2642 380,2642"/>
                <pc:Word id="region0014_line0007_word0000">
                    <pc:Coords points="380,2582 552,2582 552,2634 380,2634"/>
                    <pc:TextEquiv conf="0.72856201171875">
                        <pc:Unicode>tarchus</pc:Unicode>
                    </pc:TextEquiv>
                </pc:Word>
                <pc:Word id="region0014_line0007_word0001">
                    <pc:Coords points="564,2583 616,2583 616,2631 564,2631"/>
                    <pc:TextEquiv conf="0.86088134765625">
                        <pc:Unicode>in</pc:Unicode>
                    </pc:TextEquiv>
                </pc:Word>
                <pc:Word id="region0014_line0007_word0002">
                    <pc:Coords points="627,2574 787,2574 787,2642 627,2642"/>
                    <pc:TextEquiv conf="0.850917892456055">
                        <pc:Unicode>ſeinem</pc:Unicode>
                    </pc:TextEquiv>
                </pc:Word>
                <pc:Word id="region0014_line0007_word0003">
                    <pc:Coords points="798,2567 1047,2567 1047,2635 798,2635"/>
                    <pc:TextEquiv conf="0.806173324584961">
                        <pc:Unicode>Gaſtmahl</pc:Unicode>
                    </pc:TextEquiv>
                </pc:Word>
                <pc:Word id="region0014_line0007_word0004">
                    <pc:Coords points="1058,2572 1134,2572 1134,2619 1058,2619"/>
                    <pc:TextEquiv conf="0.81392219543457">
                        <pc:Unicode>der</pc:Unicode>
                    </pc:TextEquiv>
                </pc:Word>
                <pc:Word id="region0014_line0007_word0005">
                    <pc:Coords points="1148,2565 1293,2565 1293,2635 1148,2635"/>
                    <pc:TextEquiv conf="0.844923553466797">
                        <pc:Unicode>ſieben</pc:Unicode>
                    </pc:TextEquiv>
                </pc:Word>
                <pc:Word id="region0014_line0007_word0006">
                    <pc:Coords points="1301,2564 1455,2564 1455,2634 1301,2634"/>
                    <pc:TextEquiv conf="0.844923553466797">
                        <pc:Unicode>weiſen</pc:Unicode>
                    </pc:TextEquiv>
                </pc:Word>
                <pc:Word id="region0014_line0007_word0007">
                    <pc:Coords points="1466,2566 1694,2566 1694,2635 1466,2635"/>
                    <pc:TextEquiv conf="0.805519561767578">
                        <pc:Unicode>Griechen</pc:Unicode>
                    </pc:TextEquiv>
                </pc:Word>
                <pc:Word id="region0014_line0007_word0008">
                    <pc:Coords points="1706,2570 1919,2570 1919,2640 1706,2640"/>
                    <pc:TextEquiv conf="0.398190689086914">
                        <pc:Unicode>erzehlet/</pc:Unicode>
                    </pc:TextEquiv>
                </pc:Word>
                <pc:Word id="region0014_line0007_word0009">
                    <pc:Coords points="1940,2573 2035,2573 2035,2641 1940,2641"/>
                    <pc:TextEquiv conf="0.897124938964844">
                        <pc:Unicode>daß</pc:Unicode>
                    </pc:TextEquiv>
                </pc:Word>
                <pc:Word id="region0014_line0007_word0010">
                    <pc:Coords points="2057,2576 2136,2576 2136,2627 2057,2627"/>
                    <pc:TextEquiv conf="0.890492706298828">
                        <pc:Unicode>als</pc:Unicode>
                    </pc:TextEquiv>
                </pc:Word>
                <pc:Word id="region0014_line0007_word0011">
                    <pc:Coords points="2155,2574 2381,2574 2381,2623 2155,2623"/>
                    <pc:TextEquiv conf="0.453157005310059">
                        <pc:Unicode>beriander</pc:Unicode>
                    </pc:TextEquiv>
                </pc:Word>
                <pc:TextEquiv conf="0.766232398351034">
                    <pc:Unicode>tarchus in ſeinem Gaſtmahl der ſieben weiſen Griechen erzehlet/ daß als beriander</pc:Unicode>
                </pc:TextEquiv>
            </pc:TextLine>
            <pc:TextLine id="region0014_line0008">
                <pc:Coords points="380,2636 2381,2636 2381,2720 380,2720"/>
                <pc:Word id="region0014_line0008_word0000">
                    <pc:Coords points="380,2667 470,2667 470,2711 380,2711"/>
                    <pc:TextEquiv conf="0.929445266723633">
                        <pc:Unicode>von</pc:Unicode>
                    </pc:TextEquiv>
                </pc:Word>
                <pc:Word id="region0014_line0008_word0001">
                    <pc:Coords points="483,2657 567,2657 567,2706 483,2706"/>
                    <pc:TextEquiv conf="0.929665374755859">
                        <pc:Unicode>den</pc:Unicode>
                    </pc:TextEquiv>
                </pc:Word>
                <pc:Word id="region0014_line0008_word0002">
                    <pc:Coords points="578,2651 752,2651 752,2703 578,2703"/>
                    <pc:TextEquiv conf="0.916599731445312">
                        <pc:Unicode>andern</pc:Unicode>
                    </pc:TextEquiv>
                </pc:Word>
                <pc:Word id="region0014_line0008_word0003">
                    <pc:Coords points="762,2640 843,2640 843,2710 762,2710"/>
                    <pc:TextEquiv conf="0.723574981689453">
                        <pc:Unicode>ſich</pc:Unicode>
                    </pc:TextEquiv>
                </pc:Word>
                <pc:Word id="region0014_line0008_word0004">
                    <pc:Coords points="858,2637 1050,2637 1050,2703 858,2703"/>
                    <pc:TextEquiv conf="0.847145156860352">
                        <pc:Unicode>erfragt</pc:Unicode>
                    </pc:TextEquiv>
                </pc:Word>
                <pc:Word id="region0014_line0008_word0005">
                    <pc:Coords points="1067,2636 1040,2636 1040,2720 1067,2720"/>
                    <pc:TextEquiv conf="0.847145156860352">
                        <pc:Unicode>/</pc:Unicode>
                    </pc:TextEquiv>
                </pc:Word>
                <pc:Word id="region0014_line0008_word0006">
                    <pc:Coords points="1057,2638 1213,2638 1213,2702 1057,2702"/>
                    <pc:TextEquiv conf="0.869952392578125">
                        <pc:Unicode>welche</pc:Unicode>
                    </pc:TextEquiv>
                </pc:Word>
                <pc:Word id="region0014_line0008_word0007">
                    <pc:Coords points="1226,2636 1666,2636 1666,2720 1226,2720"/>
                    <pc:TextEquiv conf="0.186871643066406">
                        <pc:Unicode>Hauswirthſchafft</pc:Unicode>
                    </pc:TextEquiv>
                </pc:Word>
                <pc:Word id="region0014_line0008_word0008">
                    <pc:Coords points="1685,2643 1800,2643 1800,2707 1685,2707"/>
                    <pc:TextEquiv conf="0.858487014770508">
                        <pc:Unicode>recht</pc:Unicode>
                    </pc:TextEquiv>
                </pc:Word>
                <pc:Word id="region0014_line0008_word0009">
                    <pc:Coords points="1812,2641 2016,2641 2016,2710 1812,2710"/>
                    <pc:TextEquiv conf="0.158786010742188">
                        <pc:Unicode>gluckuch</pc:Unicode>
                    </pc:TextEquiv>
                </pc:Word>
                <pc:Word id="region0014_line0008_word0010">
                    <pc:Coords points="2038,2656 2092,2656 2092,2711 2038,2711"/>
                    <pc:TextEquiv conf="0.912166061401367">
                        <pc:Unicode>zu</pc:Unicode>
                    </pc:TextEquiv>
                </pc:Word>
                <pc:Word id="region0014_line0008_word0011">
                    <pc:Coords points="2102,2645 2261,2645 2261,2709 2102,2709"/>
                    <pc:TextEquiv conf="0.900718154907227">
                        <pc:Unicode>achten</pc:Unicode>
                    </pc:TextEquiv>
                </pc:Word>
                <pc:Word id="region0014_line0008_word0012">
                    <pc:Coords points="2274,2644 2343,2644 2343,2712 2274,2712"/>
                    <pc:TextEquiv conf="0.726811828613281">
                        <pc:Unicode>ſey</pc:Unicode>
                    </pc:TextEquiv>
                </pc:Word>
                <pc:Word id="region0014_line0008_word0013">
                    <pc:Coords points="2360,2650 2381,2650 2381,2699 2360,2699"/>
                    <pc:TextEquiv conf="0.637266998291016">
                        <pc:Unicode>e</pc:Unicode>
                    </pc:TextEquiv>
                </pc:Word>
                <pc:TextEquiv conf="0.746045412336077">
                    <pc:Unicode>von den andern ſich erfragt / welche Hauswirthſchafft recht gluckuch zu achten ſey e</pc:Unicode>
                </pc:TextEquiv>
            </pc:TextLine>
            <pc:TextLine id="region0014_line0009">
                <pc:Coords points="382,2708 2383,2708 2383,2797 382,2797"/>
                <pc:Word id="region0014_line0009_word0000">
                    <pc:Coords points="382,2724 497,2724 497,2797 382,2797"/>
                    <pc:TextEquiv conf="0.928171844482422">
                        <pc:Unicode>habe</pc:Unicode>
                    </pc:TextEquiv>
                </pc:Word>
                <pc:Word id="region0014_line0009_word0001">
                    <pc:Coords points="509,2715 685,2715 685,2790 509,2790"/>
                    <pc:TextEquiv conf="0.902512512207031">
                        <pc:Unicode>darauf</pc:Unicode>
                    </pc:TextEquiv>
                </pc:Word>
                <pc:Word id="region0014_line0009_word0002">
                    <pc:Coords points="699,2711 863,2711 863,2791 699,2791"/>
                    <pc:TextEquiv conf="0.843623809814453">
                        <pc:Unicode>erſtlich</pc:Unicode>
                    </pc:TextEquiv>
                </pc:Word>
                <pc:Word id="region0014_line0009_word0003">
                    <pc:Coords points="876,2708 1011,2708 1011,2788 876,2788"/>
                    <pc:TextEquiv conf="0.836940612792969">
                        <pc:Unicode>Solon</pc:Unicode>
                    </pc:TextEquiv>
                </pc:Word>
                <pc:Word id="region0014_line0009_word0004">
                    <pc:Coords points="1026,2719 1320,2719 1320,2774 1026,2774"/>
                    <pc:TextEquiv conf="0.494660186767578">
                        <pc:Unicode>geantwortet</pc:Unicode>
                    </pc:TextEquiv>
                </pc:Word>
                <pc:Word id="region0014_line0009_word0005">
                    <pc:Coords points="1334,2728 1357,2728 1357,2765 1334,2765"/>
                    <pc:TextEquiv conf="0.329916915893555">
                        <pc:Unicode>/</pc:Unicode>
                    </pc:TextEquiv>
                </pc:Word>
                <pc:Word id="region0014_line0009_word0006">
                    <pc:Coords points="1372,2713 1586,2713 1586,2776 1372,2776"/>
                    <pc:TextEquiv conf="0.329916915893555">
                        <pc:Unicode>diejenige</pc:Unicode>
                    </pc:TextEquiv>
                </pc:Word>
                <pc:Word id="region0014_line0009_word0007">
                    <pc:Coords points="1596,2712 1665,2712 1665,2778 1596,2778"/>
                    <pc:TextEquiv conf="0.861330871582031">
                        <pc:Unicode>ſey</pc:Unicode>
                    </pc:TextEquiv>
                </pc:Word>
                <pc:Word id="region0014_line0009_word0008">
                    <pc:Coords points="1690,2720 1726,2720 1726,2766 1690,2766"/>
                    <pc:TextEquiv conf="0.433012161254883">
                        <pc:Unicode>es</pc:Unicode>
                    </pc:TextEquiv>
                </pc:Word>
                <pc:Word id="region0014_line0009_word0009">
                    <pc:Coords points="1743,2717 1754,2717 1754,2771 1743,2771"/>
                    <pc:TextEquiv conf="0.433012161254883">
                        <pc:Unicode>/</pc:Unicode>
                    </pc:TextEquiv>
                </pc:Word>
                <pc:Word id="region0014_line0009_word0010">
                    <pc:Coords points="1763,2719 2000,2719 2000,2771 1763,2771"/>
                    <pc:TextEquiv conf="0.855144653320313">
                        <pc:Unicode>worinnen</pc:Unicode>
                    </pc:TextEquiv>
                </pc:Word>
                <pc:Word id="region0014_line0009_word0011">
                    <pc:Coords points="2018,2717 2113,2717 2113,2771 2018,2771"/>
                    <pc:TextEquiv conf="0.498621559143066">
                        <pc:Unicode>tein</pc:Unicode>
                    </pc:TextEquiv>
                </pc:Word>
                <pc:Word id="region0014_line0009_word0012">
                    <pc:Coords points="2121,2716 2305,2716 2305,2781 2121,2781"/>
                    <pc:TextEquiv conf="0.668488693237305">
                        <pc:Unicode>unrecht</pc:Unicode>
                    </pc:TextEquiv>
                </pc:Word>
                <pc:Word id="region0014_line0009_word0013">
                    <pc:Coords points="2316,2726 2383,2726 2383,2770 2316,2770"/>
                    <pc:TextEquiv conf="0.668488693237305">
                        <pc:Unicode>er⸗</pc:Unicode>
                    </pc:TextEquiv>
                </pc:Word>
                <pc:TextEquiv conf="0.648845827920096">
                    <pc:Unicode>habe darauf erſtlich Solon geantwortet / diejenige ſey es / worinnen tein unrecht er⸗</pc:Unicode>
                </pc:TextEquiv>
            </pc:TextLine>
            <pc:TextLine id="region0014_line0010">
                <pc:Coords points="382,2780 2383,2780 2383,2855 382,2855"/>
                <pc:Word id="region0014_line0010_word0000">
                    <pc:Coords points="382,2793 613,2793 613,2853 382,2853"/>
                    <pc:TextEquiv conf="0.930401458740234">
                        <pc:Unicode>worbenes</pc:Unicode>
                    </pc:TextEquiv>
                </pc:Word>
                <pc:Word id="region0014_line0010_word0001">
                    <pc:Coords points="630,2786 738,2786 738,2842 630,2842"/>
                    <pc:TextEquiv conf="0.903471908569336">
                        <pc:Unicode>Gut</pc:Unicode>
                    </pc:TextEquiv>
                </pc:Word>
                <pc:Word id="region0014_line0010_word0002">
                    <pc:Coords points="754,2795 805,2795 805,2850 754,2850"/>
                    <pc:TextEquiv conf="0.903471908569336">
                        <pc:Unicode>zu</pc:Unicode>
                    </pc:TextEquiv>
                </pc:Word>
                <pc:Word id="region0014_line0010_word0003">
                    <pc:Coords points="815,2780 970,2780 970,2851 815,2851"/>
                    <pc:TextEquiv conf="0.858919830322266">
                        <pc:Unicode>finden</pc:Unicode>
                    </pc:TextEquiv>
                </pc:Word>
                <pc:Word id="region0014_line0010_word0004">
                    <pc:Coords points="980,2795 1003,2795 1003,2832 980,2832"/>
                    <pc:TextEquiv conf="0.883459014892578">
                        <pc:Unicode>/</pc:Unicode>
                    </pc:TextEquiv>
                </pc:Word>
                <pc:Word id="region0014_line0010_word0005">
                    <pc:Coords points="1014,2782 1199,2782 1199,2846 1014,2846"/>
                    <pc:TextEquiv conf="0.883459014892578">
                        <pc:Unicode>welches</pc:Unicode>
                    </pc:TextEquiv>
                </pc:Word>
                <pc:Word id="region0014_line0010_word0006">
                    <pc:Coords points="1209,2792 1262,2792 1262,2846 1209,2846"/>
                    <pc:TextEquiv conf="0.909406280517578">
                        <pc:Unicode>zu</pc:Unicode>
                    </pc:TextEquiv>
                </pc:Word>
                <pc:Word id="region0014_line0010_word0007">
                    <pc:Coords points="1276,2782 1475,2782 1475,2850 1276,2850"/>
                    <pc:TextEquiv conf="0.922008972167969">
                        <pc:Unicode>erhalten</pc:Unicode>
                    </pc:TextEquiv>
                </pc:Word>
                <pc:Word id="region0014_line0010_word0008">
                    <pc:Coords points="1485,2782 1584,2782 1584,2838 1485,2838"/>
                    <pc:TextEquiv conf="0.924241409301758">
                        <pc:Unicode>kein</pc:Unicode>
                    </pc:TextEquiv>
                </pc:Word>
                <pc:Word id="region0014_line0010_word0009">
                    <pc:Coords points="1593,2781 1891,2781 1891,2854 1593,2854"/>
                    <pc:TextEquiv conf="0.700606460571289">
                        <pc:Unicode>Mißtrauen</pc:Unicode>
                    </pc:TextEquiv>
                </pc:Word>
                <pc:Word id="region0014_line0010_word0010">
                    <pc:Coords points="1905,2803 1925,2803 1925,2840 1905,2840"/>
                    <pc:TextEquiv conf="0.911384429931641">
                        <pc:Unicode>/</pc:Unicode>
                    </pc:TextEquiv>
                </pc:Word>
                <pc:Word id="region0014_line0010_word0011">
                    <pc:Coords points="1953,2793 2025,2793 2025,2843 1953,2843"/>
                    <pc:TextEquiv conf="0.911384429931641">
                        <pc:Unicode>und</pc:Unicode>
                    </pc:TextEquiv>
                </pc:Word>
                <pc:Word id="region0014_line0010_word0012">
                    <pc:Coords points="2036,2785 2383,2785 2383,2855 2036,2855"/>
                    <pc:TextEquiv conf="0.923386993408203">
                        <pc:Unicode>auszuſpenden</pc:Unicode>
                    </pc:TextEquiv>
                </pc:Word>
                <pc:TextEquiv conf="0.889661700908954">
                    <pc:Unicode>worbenes Gut zu finden / welches zu erhalten kein Mißtrauen / und auszuſpenden</pc:Unicode>
                </pc:TextEquiv>
            </pc:TextLine>
            <pc:TextLine id="region0014_line0011">
                <pc:Coords points="377,2851 2383,2851 2383,2927 377,2927"/>
                <pc:Word id="region0014_line0011_word0000">
                    <pc:Coords points="377,2872 503,2872 503,2927 377,2927"/>
                    <pc:TextEquiv conf="0.404407081604004">
                        <pc:Unicode>teine</pc:Unicode>
                    </pc:TextEquiv>
                </pc:Word>
                <pc:Word id="region0014_line0011_word0001">
                    <pc:Coords points="513,2865 646,2865 646,2924 513,2924"/>
                    <pc:TextEquiv conf="0.892368621826172">
                        <pc:Unicode>Reue</pc:Unicode>
                    </pc:TextEquiv>
                </pc:Word>
                <pc:Word id="region0014_line0011_word0002">
                    <pc:Coords points="657,2857 768,2857 768,2921 657,2921"/>
                    <pc:TextEquiv conf="0.874006118774414">
                        <pc:Unicode>nach</pc:Unicode>
                    </pc:TextEquiv>
                </pc:Word>
                <pc:Word id="region0014_line0011_word0003">
                    <pc:Coords points="778,2854 861,2854 861,2923 778,2923"/>
                    <pc:TextEquiv conf="0.932078704833984">
                        <pc:Unicode>ſich</pc:Unicode>
                    </pc:TextEquiv>
                </pc:Word>
                <pc:Word id="region0014_line0011_word0004">
                    <pc:Coords points="874,2851 1006,2851 1006,2919 874,2919"/>
                    <pc:TextEquiv conf="0.86580940246582">
                        <pc:Unicode>ziehe.</pc:Unicode>
                    </pc:TextEquiv>
                </pc:Word>
                <pc:Word id="region0014_line0011_word0005">
                    <pc:Coords points="1040,2857 1134,2857 1134,2924 1040,2924"/>
                    <pc:TextEquiv conf="0.86580940246582">
                        <pc:Unicode>Bias</pc:Unicode>
                    </pc:TextEquiv>
                </pc:Word>
                <pc:Word id="region0014_line0011_word0006">
                    <pc:Coords points="1146,2851 1259,2851 1259,2920 1146,2920"/>
                    <pc:TextEquiv conf="0.90331657409668">
                        <pc:Unicode>habe</pc:Unicode>
                    </pc:TextEquiv>
                </pc:Word>
                <pc:Word id="region0014_line0011_word0007">
                    <pc:Coords points="1269,2851 1455,2851 1455,2921 1269,2921"/>
                    <pc:TextEquiv conf="0.90047477722168">
                        <pc:Unicode>geſagt:</pc:Unicode>
                    </pc:TextEquiv>
                </pc:Word>
                <pc:Word id="region0014_line0011_word0008">
                    <pc:Coords points="1473,2857 1524,2857 1524,2910 1473,2910"/>
                    <pc:TextEquiv conf="0.924538726806641">
                        <pc:Unicode>in</pc:Unicode>
                    </pc:TextEquiv>
                </pc:Word>
                <pc:Word id="region0014_line0011_word0009">
                    <pc:Coords points="1545,2857 1726,2857 1726,2921 1545,2921"/>
                    <pc:TextEquiv conf="0.930969619750977">
                        <pc:Unicode>welcher</pc:Unicode>
                    </pc:TextEquiv>
                </pc:Word>
                <pc:Word id="region0014_line0011_word0010">
                    <pc:Coords points="1745,2860 1822,2860 1822,2911 1745,2911"/>
                    <pc:TextEquiv conf="0.926298217773437">
                        <pc:Unicode>der</pc:Unicode>
                    </pc:TextEquiv>
                </pc:Word>
                <pc:Word id="region0014_line0011_word0011">
                    <pc:Coords points="1839,2858 2137,2858 2137,2926 1839,2926"/>
                    <pc:TextEquiv conf="0.901519927978516">
                        <pc:Unicode>Hausvatter</pc:Unicode>
                    </pc:TextEquiv>
                </pc:Word>
                <pc:Word id="region0014_line0011_word0012">
                    <pc:Coords points="2153,2865 2249,2865 2249,2914 2153,2914"/>
                    <pc:TextEquiv conf="0.912957382202148">
                        <pc:Unicode>aus</pc:Unicode>
                    </pc:TextEquiv>
                </pc:Word>
                <pc:Word id="region0014_line0011_word0013">
                    <pc:Coords points="2267,2857 2383,2857 2383,2926 2267,2926"/>
                    <pc:TextEquiv conf="0.927256469726563">
                        <pc:Unicode>frey⸗</pc:Unicode>
                    </pc:TextEquiv>
                </pc:Word>
                <pc:TextEquiv conf="0.86870078768049">
                    <pc:Unicode>teine Reue nach ſich ziehe. Bias habe geſagt: in welcher der Hausvatter aus frey⸗</pc:Unicode>
                </pc:TextEquiv>
            </pc:TextLine>
            <pc:TextLine id="region0014_line0012">
                <pc:Coords points="384,2922 2385,2922 2385,3007 384,3007"/>
                <pc:Word id="region0014_line0012_word0000">
                    <pc:Coords points="384,2942 593,2942 593,3007 384,3007"/>
                    <pc:TextEquiv conf="0.203227233886719">
                        <pc:Unicode>willigem</pc:Unicode>
                    </pc:TextEquiv>
                </pc:Word>
                <pc:Word id="region0014_line0012_word0001">
                    <pc:Coords points="605,2934 792,2934 792,3001 605,3001"/>
                    <pc:TextEquiv conf="0.91510871887207">
                        <pc:Unicode>Hertzen</pc:Unicode>
                    </pc:TextEquiv>
                </pc:Word>
                <pc:Word id="region0014_line0012_word0002">
                    <pc:Coords points="801,2925 884,2925 884,2994 801,2994"/>
                    <pc:TextEquiv conf="0.880413513183594">
                        <pc:Unicode>ſich</pc:Unicode>
                    </pc:TextEquiv>
                </pc:Word>
                <pc:Word id="region0014_line0012_word0003">
                    <pc:Coords points="897,2922 985,2922 985,2989 897,2989"/>
                    <pc:TextEquiv conf="0.911940536499023">
                        <pc:Unicode>alſo</pc:Unicode>
                    </pc:TextEquiv>
                </pc:Word>
                <pc:Word id="region0014_line0012_word0004">
                    <pc:Coords points="994,2923 1202,2923 1202,2992 994,2992"/>
                    <pc:TextEquiv conf="0.770925598144531">
                        <pc:Unicode>verhalt</pc:Unicode>
                    </pc:TextEquiv>
                </pc:Word>
                <pc:Word id="region0014_line0012_word0005">
                    <pc:Coords points="1213,2922 1195,2922 1195,3007 1213,3007"/>
                    <pc:TextEquiv conf="0.770925598144531">
                        <pc:Unicode>/</pc:Unicode>
                    </pc:TextEquiv>
                </pc:Word>
                <pc:Word id="region0014_line0012_word0006">
                    <pc:Coords points="1217,2929 1300,2929 1300,2979 1217,2979"/>
                    <pc:TextEquiv conf="0.811356506347656">
                        <pc:Unicode>wie</pc:Unicode>
                    </pc:TextEquiv>
                </pc:Word>
                <pc:Word id="region0014_line0012_word0007">
                    <pc:Coords points="1315,2934 1355,2934 1355,2979 1315,2979"/>
                    <pc:TextEquiv conf="0.50421875">
                        <pc:Unicode>er</pc:Unicode>
                    </pc:TextEquiv>
                </pc:Word>
                <pc:Word id="region0014_line0012_word0008">
                    <pc:Coords points="1357,2937 1474,2937 1474,2982 1357,2982"/>
                    <pc:TextEquiv conf="0.50421875">
                        <pc:Unicode>/von</pc:Unicode>
                    </pc:TextEquiv>
                </pc:Word>
                <pc:Word id="region0014_line0012_word0009">
                    <pc:Coords points="1487,2924 1642,2924 1642,2992 1487,2992"/>
                    <pc:TextEquiv conf="0.88888053894043">
                        <pc:Unicode>auſſen</pc:Unicode>
                    </pc:TextEquiv>
                </pc:Word>
                <pc:Word id="region0014_line0012_word0010">
                    <pc:Coords points="1654,2926 2004,2926 2004,2995 1654,2995"/>
                    <pc:TextEquiv conf="0.494601249694824">
                        <pc:Unicode>zuleben</pc:Unicode>
                    </pc:TextEquiv>
                </pc:Word>
                <pc:Word id="region0014_line0012_word0011">
                    <pc:Coords points="1865,2922 1847,2922 1847,3007 1865,3007"/>
                    <pc:TextEquiv conf="0.879790802001953">
                        <pc:Unicode>/</pc:Unicode>
                    </pc:TextEquiv>
                </pc:Word>
                <pc:Word id="region0014_line0012_word0012">
                    <pc:Coords points="1890,2926 2003,2926 2003,2995 1890,2995"/>
                    <pc:TextEquiv conf="0.830150299072266">
                        <pc:Unicode>durch</pc:Unicode>
                    </pc:TextEquiv>
                </pc:Word>
                <pc:Word id="region0014_line0012_word0013">
                    <pc:Coords points="2025,2935 2093,2935 2093,2985 2025,2985"/>
                    <pc:TextEquiv conf="0.9109765625">
                        <pc:Unicode>die</pc:Unicode>
                    </pc:TextEquiv>
                </pc:Word>
                <pc:Word id="region0014_line0012_word0014">
                    <pc:Coords points="2109,2930 2287,2930 2287,2998 2109,2998"/>
                    <pc:TextEquiv conf="0.921424026489258">
                        <pc:Unicode>Geſetze</pc:Unicode>
                    </pc:TextEquiv>
                </pc:Word>
                <pc:Word id="region0014_line0012_word0015">
                    <pc:Coords points="2301,2934 2385,2934 2385,2987 2301,2987"/>
                    <pc:TextEquiv conf="0.922827835083008">
                        <pc:Unicode>an⸗</pc:Unicode>
                    </pc:TextEquiv>
                </pc:Word>
                <pc:TextEquiv conf="0.757561657428741">
                    <pc:Unicode>willigem Hertzen ſich alſo verhalt / wie er /von auſſen zuleben / durch die Geſetze an⸗</pc:Unicode>
                </pc:TextEquiv>
            </pc:TextLine>
            <pc:TextEquiv conf="0.790638934614155">
                <pc:Unicode>piemit öommaniciren und mittheilen wollen.
Damit man aber nicht vorwerſſen moge/ ich handle von der Wirthſchafft / und
melde nicht / was ſie ſey / hates mich anfangs darum unnoͤtig gedaucht / weil es oh⸗
ne diß ein Jederman bekanntes Ding iſt / ohn welches das menſchliche Leben nicht
beſtehen kan / damit es aber auf das kurtzeſte geſchehe/iſt die Oeconomia nichts an⸗
ders / als eine weiſe Vorſichtigteit /eine Hauswirthſchafft begluckt anzuſtelien / zu
faͤhren / und zu erhalten / und wird ſich nicht ubel herreimen / was der gelehrte blu-
tarchus in ſeinem Gaſtmahl der ſieben weiſen Griechen erzehlet/ daß als beriander
von den andern ſich erfragt / welche Hauswirthſchafft recht gluckuch zu achten ſey e
habe darauf erſtlich Solon geantwortet / diejenige ſey es / worinnen tein unrecht er⸗
worbenes Gut zu finden / welches zu erhalten kein Mißtrauen / und auszuſpenden
teine Reue nach ſich ziehe. Bias habe geſagt: in welcher der Hausvatter aus frey⸗
willigem Hertzen ſich alſo verhalt / wie er /von auſſen zuleben / durch die Geſetze an⸗</pc:Unicode>
            </pc:TextEquiv>
        </pc:TextRegion>
        <pc:TextRegion id="region0015" orientation="0.43710926843579" readingDirection="left-to-right" textLineOrder="top-to-bottom">
            <pc:Coords points="386,3066 2387,3066 2387,3513 386,3513"/>
            <pc:TextLine id="region0015_line0000">
                <pc:Coords points="386,3066 2387,3066 2387,3154 386,3154"/>
                <pc:Word id="region0015_line0000_word0000">
                    <pc:Coords points="386,3084 546,3084 546,3154 386,3154"/>
                    <pc:TextEquiv conf="0.621852874755859">
                        <pc:Unicode>muͤſſig</pc:Unicode>
                    </pc:TextEquiv>
                </pc:Word>
                <pc:Word id="region0015_line0000_word0001">
                    <pc:Coords points="563,3082 662,3082 662,3150 563,3150"/>
                    <pc:TextEquiv conf="0.403549613952637">
                        <pc:Unicode>ſeyn</pc:Unicode>
                    </pc:TextEquiv>
                </pc:Word>
                <pc:Word id="region0015_line0000_word0002">
                    <pc:Coords points="682,3088 692,3088 692,3126 682,3126"/>
                    <pc:TextEquiv conf="0.403549613952637">
                        <pc:Unicode>/</pc:Unicode>
                    </pc:TextEquiv>
                </pc:Word>
                <pc:Word id="region0015_line0000_word0003">
                    <pc:Coords points="706,3068 883,3068 883,3138 706,3138"/>
                    <pc:TextEquiv conf="0.894971466064453">
                        <pc:Unicode>nemlich</pc:Unicode>
                    </pc:TextEquiv>
                </pc:Word>
                <pc:Word id="region0015_line0000_word0004">
                    <pc:Coords points="895,3076 965,3076 965,3120 895,3120"/>
                    <pc:TextEquiv conf="0.894971466064453">
                        <pc:Unicode>wo</pc:Unicode>
                    </pc:TextEquiv>
                </pc:Word>
                <pc:Word id="region0015_line0000_word0005">
                    <pc:Coords points="974,3071 1068,3071 1068,3123 974,3123"/>
                    <pc:TextEquiv conf="0.919250793457031">
                        <pc:Unicode>das</pc:Unicode>
                    </pc:TextEquiv>
                </pc:Word>
                <pc:Word id="region0015_line0000_word0006">
                    <pc:Coords points="1080,3066 1281,3066 1281,3140 1080,3140"/>
                    <pc:TextEquiv conf="0.919250793457031">
                        <pc:Unicode>Geſinde</pc:Unicode>
                    </pc:TextEquiv>
                </pc:Word>
                <pc:Word id="region0015_line0000_word0007">
                    <pc:Coords points="1291,3066 1445,3066 1445,3137 1291,3137"/>
                    <pc:TextEquiv conf="0.901392974853516">
                        <pc:Unicode>fleiſſig</pc:Unicode>
                    </pc:TextEquiv>
                </pc:Word>
                <pc:Word id="region0015_line0000_word0008">
                    <pc:Coords points="1455,3074 1548,3074 1548,3125 1455,3125"/>
                    <pc:TextEquiv conf="0.928658447265625">
                        <pc:Unicode>und</pc:Unicode>
                    </pc:TextEquiv>
                </pc:Word>
                <pc:Word id="region0015_line0000_word0009">
                    <pc:Coords points="1561,3069 1822,3069 1822,3140 1561,3140"/>
                    <pc:TextEquiv conf="0.867808380126953">
                        <pc:Unicode>arbeitſam</pc:Unicode>
                    </pc:TextEquiv>
                </pc:Word>
                <pc:Word id="region0015_line0000_word0010">
                    <pc:Coords points="1794,3146 1815,3146 1815,3066 1794,3066"/>
                    <pc:TextEquiv conf="0.87014778137207">
                        <pc:Unicode>/</pc:Unicode>
                    </pc:TextEquiv>
                </pc:Word>
                <pc:Word id="region0015_line0000_word0011">
                    <pc:Coords points="1833,3072 1915,3072 1915,3142 1833,3142"/>
                    <pc:TextEquiv conf="0.87014778137207">
                        <pc:Unicode>ſich</pc:Unicode>
                    </pc:TextEquiv>
                </pc:Word>
                <pc:Word id="region0015_line0000_word0012">
                    <pc:Coords points="1927,3076 2046,3076 2046,3139 1927,3139"/>
                    <pc:TextEquiv conf="0.930452499389648">
                        <pc:Unicode>nicht</pc:Unicode>
                    </pc:TextEquiv>
                </pc:Word>
                <pc:Word id="region0015_line0000_word0013">
                    <pc:Coords points="2062,3076 2148,3076 2148,3142 2062,3142"/>
                    <pc:TextEquiv conf="0.923915557861328">
                        <pc:Unicode>erſt</pc:Unicode>
                    </pc:TextEquiv>
                </pc:Word>
                <pc:Word id="region0015_line0000_word0014">
                    <pc:Coords points="2158,3074 2290,3074 2290,3138 2158,3138"/>
                    <pc:TextEquiv conf="0.882997283935547">
                        <pc:Unicode>durch</pc:Unicode>
                    </pc:TextEquiv>
                </pc:Word>
                <pc:Word id="region0015_line0000_word0015">
                    <pc:Coords points="2299,3076 2387,3076 2387,3128 2299,3128"/>
                    <pc:TextEquiv conf="0.929464721679688">
                        <pc:Unicode>viel</pc:Unicode>
                    </pc:TextEquiv>
                </pc:Word>
                <pc:TextEquiv conf="0.822648878097534">
                    <pc:Unicode>muͤſſig ſeyn / nemlich wo das Geſinde fleiſſig und arbeitſam / ſich nicht erſt durch viel</pc:Unicode>
                </pc:TextEquiv>
            </pc:TextLine>
            <pc:TextLine id="region0015_line0001">
                <pc:Coords points="388,3136 2386,3136 2386,3214 388,3214"/>
                <pc:Word id="region0015_line0001_word0000">
                    <pc:Coords points="388,3157 545,3157 545,3212 388,3212"/>
                    <pc:TextEquiv conf="0.92822639465332">
                        <pc:Unicode>Gebot</pc:Unicode>
                    </pc:TextEquiv>
                </pc:Word>
                <pc:Word id="region0015_line0001_word0001">
                    <pc:Coords points="556,3147 783,3147 783,3209 556,3209"/>
                    <pc:TextEquiv conf="0.908994140625">
                        <pc:Unicode>antreiben</pc:Unicode>
                    </pc:TextEquiv>
                </pc:Word>
                <pc:Word id="region0015_line0001_word0002">
                    <pc:Coords points="794,3137 909,3137 909,3208 794,3208"/>
                    <pc:TextEquiv conf="0.889377288818359">
                        <pc:Unicode>laſſe.</pc:Unicode>
                    </pc:TextEquiv>
                </pc:Word>
                <pc:Word id="region0015_line0001_word0003">
                    <pc:Coords points="946,3136 1193,3136 1193,3188 946,3188"/>
                    <pc:TextEquiv conf="0.89467399597168">
                        <pc:Unicode>Cleobulus</pc:Unicode>
                    </pc:TextEquiv>
                </pc:Word>
                <pc:Word id="region0015_line0001_word0004">
                    <pc:Coords points="1213,3139 1328,3139 1328,3209 1213,3209"/>
                    <pc:TextEquiv conf="0.932190704345703">
                        <pc:Unicode>habe</pc:Unicode>
                    </pc:TextEquiv>
                </pc:Word>
                <pc:Word id="region0015_line0001_word0005">
                    <pc:Coords points="1348,3144 1584,3144 1584,3197 1348,3197"/>
                    <pc:TextEquiv conf="0.785754089355469">
                        <pc:Unicode>vermeldet</pc:Unicode>
                    </pc:TextEquiv>
                </pc:Word>
                <pc:Word id="region0015_line0001_word0006">
                    <pc:Coords points="1600,3161 1623,3161 1623,3197 1600,3197"/>
                    <pc:TextEquiv conf="0.929619674682617">
                        <pc:Unicode>/</pc:Unicode>
                    </pc:TextEquiv>
                </pc:Word>
                <pc:Word id="region0015_line0001_word0007">
                    <pc:Coords points="1637,3143 1741,3143 1741,3212 1637,3212"/>
                    <pc:TextEquiv conf="0.925751876831055">
                        <pc:Unicode>dieſe</pc:Unicode>
                    </pc:TextEquiv>
                </pc:Word>
                <pc:Word id="region0015_line0001_word0008">
                    <pc:Coords points="1762,3144 2204,3144 2204,3214 1762,3214"/>
                    <pc:TextEquiv conf="0.914644012451172">
                        <pc:Unicode>Hauswirthſchafft</pc:Unicode>
                    </pc:TextEquiv>
                </pc:Word>
                <pc:Word id="region0015_line0001_word0009">
                    <pc:Coords points="2220,3143 2288,3143 2288,3213 2220,3213"/>
                    <pc:TextEquiv conf="0.918069305419922">
                        <pc:Unicode>ſey</pc:Unicode>
                    </pc:TextEquiv>
                </pc:Word>
                <pc:Word id="region0015_line0001_word0010">
                    <pc:Coords points="2308,3152 2386,3152 2386,3199 2308,3199"/>
                    <pc:TextEquiv conf="0.920339508056641">
                        <pc:Unicode>am</pc:Unicode>
                    </pc:TextEquiv>
                </pc:Word>
                <pc:TextEquiv conf="0.904330999200994">
                    <pc:Unicode>Gebot antreiben laſſe. Cleobulus habe vermeldet / dieſe Hauswirthſchafft ſey am</pc:Unicode>
                </pc:TextEquiv>
            </pc:TextLine>
            <pc:TextLine id="region0015_line0002">
                <pc:Coords points="389,3205 2385,3205 2385,3296 389,3296"/>
                <pc:Word id="region0015_line0002_word0000">
                    <pc:Coords points="389,3227 539,3227 539,3296 389,3296"/>
                    <pc:TextEquiv conf="0.887075042724609">
                        <pc:Unicode>beſten</pc:Unicode>
                    </pc:TextEquiv>
                </pc:Word>
                <pc:Word id="region0015_line0002_word0001">
                    <pc:Coords points="547,3220 809,3220 809,3291 547,3291"/>
                    <pc:TextEquiv conf="0.754176406860352">
                        <pc:Unicode>beſtellet</pc:Unicode>
                    </pc:TextEquiv>
                </pc:Word>
                <pc:Word id="region0015_line0002_word0002">
                    <pc:Coords points="763,3216 742,3216 742,3296 763,3296"/>
                    <pc:TextEquiv conf="0.781700973510742">
                        <pc:Unicode>/</pc:Unicode>
                    </pc:TextEquiv>
                </pc:Word>
                <pc:Word id="region0015_line0002_word0003">
                    <pc:Coords points="812,3216 777,3216 777,3296 812,3296"/>
                    <pc:TextEquiv conf="0.908901596069336">
                        <pc:Unicode>in</pc:Unicode>
                    </pc:TextEquiv>
                </pc:Word>
                <pc:Word id="region0015_line0002_word0004">
                    <pc:Coords points="820,3205 997,3205 997,3271 820,3271"/>
                    <pc:TextEquiv conf="0.898135681152344">
                        <pc:Unicode>welcher</pc:Unicode>
                    </pc:TextEquiv>
                </pc:Word>
                <pc:Word id="region0015_line0002_word0005">
                    <pc:Coords points="1009,3210 1136,3210 1136,3279 1009,3279"/>
                    <pc:TextEquiv conf="0.856503295898438">
                        <pc:Unicode>mehr</pc:Unicode>
                    </pc:TextEquiv>
                </pc:Word>
                <pc:Word id="region0015_line0002_word0006">
                    <pc:Coords points="1144,3207 1372,3207 1372,3278 1144,3278"/>
                    <pc:TextEquiv conf="0.856503295898438">
                        <pc:Unicode>ſeyen</pc:Unicode>
                    </pc:TextEquiv>
                </pc:Word>
                <pc:Word id="region0015_line0002_word0007">
                    <pc:Coords points="1281,3287 1304,3287 1304,3205 1281,3205"/>
                    <pc:TextEquiv conf="0.901887054443359">
                        <pc:Unicode>/</pc:Unicode>
                    </pc:TextEquiv>
                </pc:Word>
                <pc:Word id="region0015_line0002_word0008">
                    <pc:Coords points="1324,3287 1390,3287 1390,3205 1324,3205"/>
                    <pc:TextEquiv conf="0.926616592407227">
                        <pc:Unicode>die</pc:Unicode>
                    </pc:TextEquiv>
                </pc:Word>
                <pc:Word id="region0015_line0002_word0009">
                    <pc:Coords points="1387,3217 1474,3217 1474,3268 1387,3268"/>
                    <pc:TextEquiv conf="0.921435165405273">
                        <pc:Unicode>den</pc:Unicode>
                    </pc:TextEquiv>
                </pc:Word>
                <pc:Word id="region0015_line0002_word0010">
                    <pc:Coords points="1488,3212 1789,3212 1789,3279 1488,3279"/>
                    <pc:TextEquiv conf="0.882880706787109">
                        <pc:Unicode>Hausvatter</pc:Unicode>
                    </pc:TextEquiv>
                </pc:Word>
                <pc:Word id="region0015_line0002_word0011">
                    <pc:Coords points="1798,3215 1961,3215 1961,3272 1798,3272"/>
                    <pc:TextEquiv conf="0.85167350769043">
                        <pc:Unicode>lieben</pc:Unicode>
                    </pc:TextEquiv>
                </pc:Word>
                <pc:Word id="region0015_line0002_word0012">
                    <pc:Coords points="1941,3287 1963,3287 1963,3205 1941,3205"/>
                    <pc:TextEquiv conf="0.929106216430664">
                        <pc:Unicode>/</pc:Unicode>
                    </pc:TextEquiv>
                </pc:Word>
                <pc:Word id="region0015_line0002_word0013">
                    <pc:Coords points="1973,3218 2053,3218 2053,3272 1973,3272"/>
                    <pc:TextEquiv conf="0.926987457275391">
                        <pc:Unicode>als</pc:Unicode>
                    </pc:TextEquiv>
                </pc:Word>
                <pc:Word id="region0015_line0002_word0014">
                    <pc:Coords points="2063,3220 2132,3220 2132,3276 2063,3276"/>
                    <pc:TextEquiv conf="0.888296051025391">
                        <pc:Unicode>die</pc:Unicode>
                    </pc:TextEquiv>
                </pc:Word>
                <pc:Word id="region0015_line0002_word0015">
                    <pc:Coords points="2143,3217 2227,3217 2227,3283 2143,3283"/>
                    <pc:TextEquiv conf="0.888296051025391">
                        <pc:Unicode>ihn</pc:Unicode>
                    </pc:TextEquiv>
                </pc:Word>
                <pc:Word id="region0015_line0002_word0016">
                    <pc:Coords points="2239,3214 2385,3214 2385,3281 2239,3281"/>
                    <pc:TextEquiv conf="0.930206069946289">
                        <pc:Unicode>fürch⸗</pc:Unicode>
                    </pc:TextEquiv>
                </pc:Word>
                <pc:TextEquiv conf="0.881787127326517">
                    <pc:Unicode>beſten beſtellet / in welcher mehr ſeyen / die den Hausvatter lieben / als die ihn fürch⸗</pc:Unicode>
                </pc:TextEquiv>
            </pc:TextLine>
            <pc:TextLine id="region0015_line0003">
                <pc:Coords points="388,3272 2385,3272 2385,3357 388,3357"/>
                <pc:Word id="region0015_line0003_word0000">
                    <pc:Coords points="388,3309 480,3309 480,3354 388,3354"/>
                    <pc:TextEquiv conf="0.885921173095703">
                        <pc:Unicode>ten.</pc:Unicode>
                    </pc:TextEquiv>
                </pc:Word>
                <pc:Word id="region0015_line0003_word0001">
                    <pc:Coords points="518,3296 667,3296 667,3346 518,3346"/>
                    <pc:TextEquiv conf="0.835784149169922">
                        <pc:Unicode>birraci</pc:Unicode>
                    </pc:TextEquiv>
                </pc:Word>
                <pc:Word id="region0015_line0003_word0002">
                    <pc:Coords points="680,3281 940,3281 940,3355 680,3355"/>
                    <pc:TextEquiv conf="0.884651794433594">
                        <pc:Unicode>Ausſpruch</pc:Unicode>
                    </pc:TextEquiv>
                </pc:Word>
                <pc:Word id="region0015_line0003_word0003">
                    <pc:Coords points="954,3290 1081,3290 1081,3336 954,3336"/>
                    <pc:TextEquiv conf="0.923206481933594">
                        <pc:Unicode>war</pc:Unicode>
                    </pc:TextEquiv>
                </pc:Word>
                <pc:Word id="region0015_line0003_word0004">
                    <pc:Coords points="1090,3272 1066,3272 1066,3357 1090,3357"/>
                    <pc:TextEquiv conf="0.866616287231445">
                        <pc:Unicode>/</pc:Unicode>
                    </pc:TextEquiv>
                </pc:Word>
                <pc:Word id="region0015_line0003_word0005">
                    <pc:Coords points="1100,3287 1151,3287 1151,3337 1100,3337"/>
                    <pc:TextEquiv conf="0.866616287231445">
                        <pc:Unicode>in</pc:Unicode>
                    </pc:TextEquiv>
                </pc:Word>
                <pc:Word id="region0015_line0003_word0006">
                    <pc:Coords points="1164,3284 1345,3284 1345,3348 1164,3348"/>
                    <pc:TextEquiv conf="0.928444061279297">
                        <pc:Unicode>welcher</pc:Unicode>
                    </pc:TextEquiv>
                </pc:Word>
                <pc:Word id="region0015_line0003_word0007">
                    <pc:Coords points="1364,3287 1516,3287 1516,3349 1364,3349"/>
                    <pc:TextEquiv conf="0.925585327148438">
                        <pc:Unicode>nichts</pc:Unicode>
                    </pc:TextEquiv>
                </pc:Word>
                <pc:Word id="region0015_line0003_word0008">
                    <pc:Coords points="1537,3289 1945,3289 1945,3357 1537,3357"/>
                    <pc:TextEquiv conf="0.913510665893555">
                        <pc:Unicode>unnothwendiges</pc:Unicode>
                    </pc:TextEquiv>
                </pc:Word>
                <pc:Word id="region0015_line0003_word0009">
                    <pc:Coords points="1966,3292 2059,3292 2059,3343 1966,3343"/>
                    <pc:TextEquiv conf="0.907818450927734">
                        <pc:Unicode>und</pc:Unicode>
                    </pc:TextEquiv>
                </pc:Word>
                <pc:Word id="region0015_line0003_word0010">
                    <pc:Coords points="2072,3272 2385,3272 2385,3355 2072,3355"/>
                    <pc:TextEquiv conf="0.343191375732422">
                        <pc:Unicode>uͤberflaſſiges</pc:Unicode>
                    </pc:TextEquiv>
                </pc:Word>
                <pc:TextEquiv conf="0.843758732188832">
                    <pc:Unicode>ten. birraci Ausſpruch war / in welcher nichts unnothwendiges und uͤberflaſſiges</pc:Unicode>
                </pc:TextEquiv>
            </pc:TextLine>
            <pc:TextLine id="region0015_line0004">
                <pc:Coords points="391,3351 2387,3351 2387,3442 391,3442"/>
                <pc:Word id="region0015_line0004_word0000">
                    <pc:Coords points="391,3361 703,3361 703,3436 391,3436"/>
                    <pc:TextEquiv conf="0.929767684936523">
                        <pc:Unicode>begehrt</pc:Unicode>
                    </pc:TextEquiv>
                </pc:Word>
                <pc:Word id="region0015_line0004_word0001">
                    <pc:Coords points="580,3357 602,3357 602,3440 580,3440"/>
                    <pc:TextEquiv conf="0.922068939208984">
                        <pc:Unicode>/</pc:Unicode>
                    </pc:TextEquiv>
                </pc:Word>
                <pc:Word id="region0015_line0004_word0002">
                    <pc:Coords points="615,3361 699,3361 699,3436 615,3436"/>
                    <pc:TextEquiv conf="0.887394332885742">
                        <pc:Unicode>auch</pc:Unicode>
                    </pc:TextEquiv>
                </pc:Word>
                <pc:Word id="region0015_line0004_word0003">
                    <pc:Coords points="715,3361 863,3361 863,3422 715,3422"/>
                    <pc:TextEquiv conf="0.930593338012695">
                        <pc:Unicode>nichts</pc:Unicode>
                    </pc:TextEquiv>
                </pc:Word>
                <pc:Word id="region0015_line0004_word0004">
                    <pc:Coords points="875,3351 1218,3351 1218,3442 875,3442"/>
                    <pc:TextEquiv conf="0.906811981201172">
                        <pc:Unicode>nothwendiges</pc:Unicode>
                    </pc:TextEquiv>
                </pc:Word>
                <pc:Word id="region0015_line0004_word0005">
                    <pc:Coords points="1230,3366 1283,3366 1283,3433 1230,3433"/>
                    <pc:TextEquiv conf="0.928015899658203">
                        <pc:Unicode>zu</pc:Unicode>
                    </pc:TextEquiv>
                </pc:Word>
                <pc:Word id="region0015_line0004_word0006">
                    <pc:Coords points="1293,3359 1541,3359 1541,3422 1293,3422"/>
                    <pc:TextEquiv conf="0.920910415649414">
                        <pc:Unicode>verlangen</pc:Unicode>
                    </pc:TextEquiv>
                </pc:Word>
                <pc:Word id="region0015_line0004_word0007">
                    <pc:Coords points="1552,3356 1659,3356 1659,3427 1552,3427"/>
                    <pc:TextEquiv conf="0.910613479614258">
                        <pc:Unicode>ſeye.</pc:Unicode>
                    </pc:TextEquiv>
                </pc:Word>
                <pc:Word id="region0015_line0004_word0008">
                    <pc:Coords points="1673,3358 1862,3358 1862,3423 1673,3423"/>
                    <pc:TextEquiv conf="0.921913299560547">
                        <pc:Unicode>Endlich</pc:Unicode>
                    </pc:TextEquiv>
                </pc:Word>
                <pc:Word id="region0015_line0004_word0009">
                    <pc:Coords points="1875,3358 1990,3358 1990,3430 1875,3430"/>
                    <pc:TextEquiv conf="0.921913299560547">
                        <pc:Unicode>habe</pc:Unicode>
                    </pc:TextEquiv>
                </pc:Word>
                <pc:Word id="region0015_line0004_word0010">
                    <pc:Coords points="2002,3358 2173,3358 2173,3409 2002,3409"/>
                    <pc:TextEquiv conf="0.927965316772461">
                        <pc:Unicode>Chilon</pc:Unicode>
                    </pc:TextEquiv>
                </pc:Word>
                <pc:Word id="region0015_line0004_word0011">
                    <pc:Coords points="2185,3355 2387,3355 2387,3424 2185,3424"/>
                    <pc:TextEquiv conf="0.928292541503906">
                        <pc:Unicode>geſchloſ⸗</pc:Unicode>
                    </pc:TextEquiv>
                </pc:Word>
                <pc:TextEquiv conf="0.919688377380371">
                    <pc:Unicode>begehrt / auch nichts nothwendiges zu verlangen ſeye. Endlich habe Chilon geſchloſ⸗</pc:Unicode>
                </pc:TextEquiv>
            </pc:TextLine>
            <pc:TextLine id="region0015_line0005">
                <pc:Coords points="391,3421 2386,3421 2386,3513 391,3513"/>
                <pc:Word id="region0015_line0005_word0000">
                    <pc:Coords points="391,3441 488,3441 488,3513 391,3513"/>
                    <pc:TextEquiv conf="0.908788757324219">
                        <pc:Unicode>ſen</pc:Unicode>
                    </pc:TextEquiv>
                </pc:Word>
                <pc:Word id="region0015_line0005_word0001">
                    <pc:Coords points="489,3430 466,3430 466,3513 489,3513"/>
                    <pc:TextEquiv conf="0.918381042480469">
                        <pc:Unicode>/</pc:Unicode>
                    </pc:TextEquiv>
                </pc:Word>
                <pc:Word id="region0015_line0005_word0002">
                    <pc:Coords points="492,3437 600,3437 600,3505 492,3505"/>
                    <pc:TextEquiv conf="0.889965667724609">
                        <pc:Unicode>dieſe</pc:Unicode>
                    </pc:TextEquiv>
                </pc:Word>
                <pc:Word id="region0015_line0005_word0003">
                    <pc:Coords points="611,3434 733,3434 733,3489 611,3489"/>
                    <pc:TextEquiv conf="0.891522903442383">
                        <pc:Unicode>waͤre</pc:Unicode>
                    </pc:TextEquiv>
                </pc:Word>
                <pc:Word id="region0015_line0005_word0004">
                    <pc:Coords points="749,3435 814,3435 814,3483 749,3483"/>
                    <pc:TextEquiv conf="0.909191284179688">
                        <pc:Unicode>die</pc:Unicode>
                    </pc:TextEquiv>
                </pc:Word>
                <pc:Word id="region0015_line0005_word0005">
                    <pc:Coords points="824,3421 1106,3421 1106,3506 824,3506"/>
                    <pc:TextEquiv conf="0.46781810760498">
                        <pc:Unicode>gluckſeligſte</pc:Unicode>
                    </pc:TextEquiv>
                </pc:Word>
                <pc:Word id="region0015_line0005_word0006">
                    <pc:Coords points="1116,3425 1457,3425 1457,3506 1116,3506"/>
                    <pc:TextEquiv conf="0.826851043701172">
                        <pc:Unicode>Wirthſchafft</pc:Unicode>
                    </pc:TextEquiv>
                </pc:Word>
                <pc:Word id="region0015_line0005_word0007">
                    <pc:Coords points="1447,3510 1464,3510 1464,3421 1447,3421"/>
                    <pc:TextEquiv conf="0.895588226318359">
                        <pc:Unicode>/</pc:Unicode>
                    </pc:TextEquiv>
                </pc:Word>
                <pc:Word id="region0015_line0005_word0008">
                    <pc:Coords points="1473,3433 1543,3433 1543,3483 1473,3483"/>
                    <pc:TextEquiv conf="0.895588226318359">
                        <pc:Unicode>die</pc:Unicode>
                    </pc:TextEquiv>
                </pc:Word>
                <pc:Word id="region0015_line0005_word0009">
                    <pc:Coords points="1553,3429 1733,3429 1733,3499 1553,3499"/>
                    <pc:TextEquiv conf="0.831421737670898">
                        <pc:Unicode>beſtellet</pc:Unicode>
                    </pc:TextEquiv>
                </pc:Word>
                <pc:Word id="region0015_line0005_word0010">
                    <pc:Coords points="1747,3431 1815,3431 1815,3501 1747,3501"/>
                    <pc:TextEquiv conf="0.870272979736328">
                        <pc:Unicode>ſey</pc:Unicode>
                    </pc:TextEquiv>
                </pc:Word>
                <pc:Word id="region0015_line0005_word0011">
                    <pc:Coords points="1826,3435 1955,3435 1955,3497 1826,3497"/>
                    <pc:TextEquiv conf="0.869293518066406">
                        <pc:Unicode>gleich</pc:Unicode>
                    </pc:TextEquiv>
                </pc:Word>
                <pc:Word id="region0015_line0005_word0012">
                    <pc:Coords points="1968,3436 2085,3436 2085,3487 1968,3487"/>
                    <pc:TextEquiv conf="0.869293518066406">
                        <pc:Unicode>einer</pc:Unicode>
                    </pc:TextEquiv>
                </pc:Word>
                <pc:Word id="region0015_line0005_word0013">
                    <pc:Coords points="2098,3428 2386,3428 2386,3501 2098,3501"/>
                    <pc:TextEquiv conf="0.685408935546875">
                        <pc:Unicode>Stadt</pc:Unicode>
                    </pc:TextEquiv>
                </pc:Word>
                <pc:Word id="region0015_line0005_word0014">
                    <pc:Coords points="2261,3510 2277,3510 2277,3421 2261,3421"/>
                    <pc:TextEquiv conf="0.685408935546875">
                        <pc:Unicode>/</pc:Unicode>
                    </pc:TextEquiv>
                </pc:Word>
                <pc:Word id="region0015_line0005_word0015">
                    <pc:Coords points="2292,3428 2386,3428 2386,3501 2292,3501"/>
                    <pc:TextEquiv conf="0.703401184082031">
                        <pc:Unicode>dar⸗</pc:Unicode>
                    </pc:TextEquiv>
                </pc:Word>
                <pc:TextEquiv conf="0.819887254238129">
                    <pc:Unicode>ſen / dieſe waͤre die gluckſeligſte Wirthſchafft / die beſtellet ſey gleich einer Stadt / dar⸗</pc:Unicode>
                </pc:TextEquiv>
            </pc:TextLine>
            <pc:TextEquiv conf="0.865350228072063">
                <pc:Unicode>muͤſſig ſeyn / nemlich wo das Geſinde fleiſſig und arbeitſam / ſich nicht erſt durch viel
Gebot antreiben laſſe. Cleobulus habe vermeldet / dieſe Hauswirthſchafft ſey am
beſten beſtellet / in welcher mehr ſeyen / die den Hausvatter lieben / als die ihn fürch⸗
ten. birraci Ausſpruch war / in welcher nichts unnothwendiges und uͤberflaſſiges
begehrt / auch nichts nothwendiges zu verlangen ſeye. Endlich habe Chilon geſchloſ⸗
ſen / dieſe waͤre die gluckſeligſte Wirthſchafft / die beſtellet ſey gleich einer Stadt / dar⸗</pc:Unicode>
            </pc:TextEquiv>
        </pc:TextRegion>
        <pc:ImageRegion id="region0001" orientation="0.43710926843579">
            <pc:Coords points="0,0 660,0 660,124 0,124"/>
        </pc:ImageRegion>
        <pc:ImageRegion id="region0002" orientation="0.43710926843579">
            <pc:Coords points="323,562 752,562 752,955 323,955"/>
        </pc:ImageRegion>
        <pc:ImageRegion id="region0021" orientation="0.43710926843579">
            <pc:Coords points="2610,0 2826,0 2826,4000 2610,4000"/>
        </pc:ImageRegion>
        <pc:SeparatorRegion id="region0000">
            <pc:Coords points="0,307 59,307 59,3562 0,3562"/>
        </pc:SeparatorRegion>
        <pc:SeparatorRegion id="region0003">
            <pc:Coords points="364,279 2374,279 2374,327 364,327"/>
        </pc:SeparatorRegion>
        <pc:SeparatorRegion id="region0006">
            <pc:Coords points="370,372 2359,372 2359,421 370,421"/>
        </pc:SeparatorRegion>
        <pc:SeparatorRegion id="region0007">
            <pc:Coords points="339,324 362,324 362,1188 339,1188"/>
        </pc:SeparatorRegion>
        <pc:SeparatorRegion id="region0012">
            <pc:Coords points="849,1520 1434,1520 1434,1538 849,1538"/>
        </pc:SeparatorRegion>
        <pc:SeparatorRegion id="region0016">
            <pc:Coords points="429,3493 2373,3493 2373,3515 429,3515"/>
        </pc:SeparatorRegion>
        <pc:SeparatorRegion id="region0017">
            <pc:Coords points="901,3494 2373,3494 2373,3520 901,3520"/>
        </pc:SeparatorRegion>
        <pc:SeparatorRegion id="region0018">
            <pc:Coords points="351,324 380,324 380,3596 351,3596"/>
        </pc:SeparatorRegion>
        <pc:SeparatorRegion id="region0019">
            <pc:Coords points="2375,335 2409,335 2409,3579 2375,3579"/>
        </pc:SeparatorRegion>
        <pc:SeparatorRegion id="region0020">
            <pc:Coords points="393,3594 2390,3594 2390,3620 393,3620"/>
        </pc:SeparatorRegion>
    </pc:Page>
</pc:PcGts>
