<?xml version="1.0" encoding="UTF-8"?>
<pc:PcGts xmlns:pc="http://schema.primaresearch.org/PAGE/gts/pagecontent/2019-07-15" xmlns:xsi="http://www.w3.org/2001/XMLSchema-instance" xsi:schemaLocation="http://schema.primaresearch.org/PAGE/gts/pagecontent/2019-07-15 http://schema.primaresearch.org/PAGE/gts/pagecontent/2019-07-15/pagecontent.xsd" pcGtsId="OCR-D-OCR_0009">
    <pc:Metadata>
        <pc:Creator>OCR-D/core 2.71.0</pc:Creator>
        <pc:Created>2025-03-14T14:33:10.070195</pc:Created>
        <pc:LastChange>2025-03-14T14:33:10.070195</pc:LastChange>
        <pc:MetadataItem type="processingStep" name="preprocessing/optimization/binarization" value="ocrd-cis-ocropy-binarize">
            <pc:Labels externalModel="ocrd-tool" externalId="parameters">
                <pc:Label value="300" type="dpi"/>
                <pc:Label value="ocropy" type="method"/>
                <pc:Label value="0.5" type="threshold"/>
                <pc:Label value="False" type="grayscale"/>
                <pc:Label value="0.0" type="maxskew"/>
                <pc:Label value="0" type="noise_maxsize"/>
                <pc:Label value="page" type="level-of-operation"/>
            </pc:Labels>
            <pc:Labels externalModel="ocrd-tool" externalId="version">
                <pc:Label value="0.1.5" type="ocrd-cis-ocropy-binarize"/>
                <pc:Label value="2.71.0" type="ocrd/core"/>
            </pc:Labels>
        </pc:MetadataItem>
        <pc:MetadataItem type="processingStep" name="preprocessing/optimization/cropping" value="ocrd-anybaseocr-crop">
            <pc:Labels externalModel="ocrd-tool" externalId="parameters">
                <pc:Label value="300" type="dpi"/>
                <pc:Label value="50.0" type="rulerRatioMax"/>
                <pc:Label value="3.0" type="rulerRatioMin"/>
                <pc:Label value="0.3" type="rulerAreaMax"/>
                <pc:Label value="0.01" type="rulerAreaMin"/>
                <pc:Label value="0.95" type="rulerWidthMax"/>
                <pc:Label value="0.05" type="columnAreaMin"/>
                <pc:Label value="0.04" type="columnSepWidthMax"/>
                <pc:Label value="0.25" type="marginTop"/>
                <pc:Label value="0.75" type="marginBottom"/>
                <pc:Label value="0.3" type="marginLeft"/>
                <pc:Label value="0.7" type="marginRight"/>
                <pc:Label value="10" type="padding"/>
            </pc:Labels>
            <pc:Labels externalModel="ocrd-tool" externalId="version">
                <pc:Label value="1.10.0" type="ocrd-anybaseocr-crop"/>
                <pc:Label value="2.71.0" type="ocrd/core"/>
            </pc:Labels>
        </pc:MetadataItem>
        <pc:MetadataItem type="processingStep" name="preprocessing/optimization/despeckling" value="ocrd-cis-ocropy-denoise">
            <pc:Labels externalModel="ocrd-tool" externalId="parameters">
                <pc:Label value="300" type="dpi"/>
                <pc:Label value="3.0" type="noise_maxsize"/>
                <pc:Label value="page" type="level-of-operation"/>
            </pc:Labels>
            <pc:Labels externalModel="ocrd-tool" externalId="version">
                <pc:Label value="0.1.5" type="ocrd-cis-ocropy-denoise"/>
                <pc:Label value="2.71.0" type="ocrd/core"/>
            </pc:Labels>
        </pc:MetadataItem>
        <pc:MetadataItem type="processingStep" name="preprocessing/optimization/deskewing" value="ocrd-cis-ocropy-deskew">
            <pc:Labels externalModel="ocrd-tool" externalId="parameters">
                <pc:Label value="page" type="level-of-operation"/>
                <pc:Label value="5.0" type="maxskew"/>
            </pc:Labels>
            <pc:Labels externalModel="ocrd-tool" externalId="version">
                <pc:Label value="0.1.5" type="ocrd-cis-ocropy-deskew"/>
                <pc:Label value="2.71.0" type="ocrd/core"/>
            </pc:Labels>
        </pc:MetadataItem>
        <pc:MetadataItem type="processingStep" name="layout/segmentation/region" value="ocrd-tesserocr-segment-region">
            <pc:Labels externalModel="ocrd-tool" externalId="parameters">
                <pc:Label value="5.0" type="padding"/>
                <pc:Label value="False" type="find_tables"/>
                <pc:Label value="300" type="dpi"/>
                <pc:Label value="False" type="shrink_polygons"/>
                <pc:Label value="False" type="find_staves"/>
                <pc:Label value="False" type="sparse_text"/>
                <pc:Label value="True" type="overwrite_segments"/>
                <pc:Label value="region" type="segmentation_level"/>
                <pc:Label value="region" type="textequiv_level"/>
                <pc:Label value="False" type="block_polygons"/>
                <pc:Label value="True" type="overwrite_text"/>
                <pc:Label value="False" type="raw_lines"/>
                <pc:Label value="" type="char_whitelist"/>
                <pc:Label value="" type="char_blacklist"/>
                <pc:Label value="" type="char_unblacklist"/>
                <pc:Label value="{}" type="tesseract_parameters"/>
                <pc:Label value="{}" type="xpath_parameters"/>
                <pc:Label value="{}" type="xpath_model"/>
                <pc:Label value="False" type="auto_model"/>
                <pc:Label value="DEFAULT" type="oem"/>
            </pc:Labels>
            <pc:Labels externalModel="ocrd-tool" externalId="version">
                <pc:Label value="0.19.1 (tesseract 5.4.1)" type="ocrd-tesserocr-segment-region"/>
                <pc:Label value="2.71.0" type="ocrd/core"/>
            </pc:Labels>
        </pc:MetadataItem>
        <pc:MetadataItem type="processingStep" name="layout/segmentation/region" value="ocrd-segment-repair">
            <pc:Labels externalModel="ocrd-tool" externalId="parameters">
                <pc:Label value="True" type="plausibilize"/>
                <pc:Label value="0.7" type="plausibilize_merge_min_overlap"/>
                <pc:Label value="False" type="sanitize"/>
                <pc:Label value="5" type="sanitize_padding"/>
                <pc:Label value="0" type="simplify"/>
                <pc:Label value="0" type="spread"/>
                <pc:Label value="region" type="spread_level"/>
            </pc:Labels>
            <pc:Labels externalModel="ocrd-tool" externalId="version">
                <pc:Label value="0.1.24" type="ocrd-segment-repair"/>
                <pc:Label value="2.71.0" type="ocrd/core"/>
            </pc:Labels>
        </pc:MetadataItem>
        <pc:MetadataItem type="processingStep" name="layout/segmentation/region" value="ocrd-cis-ocropy-clip">
            <pc:Labels externalModel="ocrd-tool" externalId="parameters">
                <pc:Label value="region" type="level-of-operation"/>
                <pc:Label value="0" type="dpi"/>
                <pc:Label value="0.7" type="min_fraction"/>
            </pc:Labels>
            <pc:Labels externalModel="ocrd-tool" externalId="version">
                <pc:Label value="0.1.5" type="ocrd-cis-ocropy-clip"/>
                <pc:Label value="2.71.0" type="ocrd/core"/>
            </pc:Labels>
        </pc:MetadataItem>
        <pc:MetadataItem type="processingStep" name="layout/segmentation/region" value="ocrd-cis-ocropy-segment">
            <pc:Labels externalModel="ocrd-tool" externalId="parameters">
                <pc:Label value="300" type="dpi"/>
                <pc:Label value="region" type="level-of-operation"/>
                <pc:Label value="20" type="maxcolseps"/>
                <pc:Label value="20" type="maxseps"/>
                <pc:Label value="10" type="maximages"/>
                <pc:Label value="4" type="csminheight"/>
                <pc:Label value="10" type="hlminwidth"/>
                <pc:Label value="0.01" type="gap_height"/>
                <pc:Label value="1.5" type="gap_width"/>
                <pc:Label value="True" type="overwrite_order"/>
                <pc:Label value="True" type="overwrite_separators"/>
                <pc:Label value="True" type="overwrite_regions"/>
                <pc:Label value="True" type="overwrite_lines"/>
                <pc:Label value="2.4" type="spread"/>
            </pc:Labels>
            <pc:Labels externalModel="ocrd-tool" externalId="version">
                <pc:Label value="0.1.5" type="ocrd-cis-ocropy-segment"/>
                <pc:Label value="2.71.0" type="ocrd/core"/>
            </pc:Labels>
        </pc:MetadataItem>
        <pc:MetadataItem type="processingStep" name="preprocessing/optimization/dewarping" value="ocrd-cis-ocropy-dewarp">
            <pc:Labels externalModel="ocrd-tool" externalId="parameters">
                <pc:Label value="0" type="dpi"/>
                <pc:Label value="4.0" type="range"/>
                <pc:Label value="1.0" type="smoothness"/>
                <pc:Label value="0.05" type="max_neighbour"/>
            </pc:Labels>
            <pc:Labels externalModel="ocrd-tool" externalId="version">
                <pc:Label value="0.1.5" type="ocrd-cis-ocropy-dewarp"/>
                <pc:Label value="2.71.0" type="ocrd/core"/>
            </pc:Labels>
        </pc:MetadataItem>
        <pc:MetadataItem type="processingStep" name="layout/segmentation/region" value="ocrd-tesserocr-recognize">
            <pc:Labels externalModel="ocrd-tool" externalId="parameters">
                <pc:Label value="Fraktur" type="model"/>
                <pc:Label value="0" type="dpi"/>
                <pc:Label value="0" type="padding"/>
                <pc:Label value="word" type="segmentation_level"/>
                <pc:Label value="word" type="textequiv_level"/>
                <pc:Label value="False" type="overwrite_segments"/>
                <pc:Label value="True" type="overwrite_text"/>
                <pc:Label value="False" type="shrink_polygons"/>
                <pc:Label value="False" type="block_polygons"/>
                <pc:Label value="True" type="find_tables"/>
                <pc:Label value="False" type="find_staves"/>
                <pc:Label value="False" type="sparse_text"/>
                <pc:Label value="False" type="raw_lines"/>
                <pc:Label value="" type="char_whitelist"/>
                <pc:Label value="" type="char_blacklist"/>
                <pc:Label value="" type="char_unblacklist"/>
                <pc:Label value="{}" type="tesseract_parameters"/>
                <pc:Label value="{}" type="xpath_parameters"/>
                <pc:Label value="{}" type="xpath_model"/>
                <pc:Label value="False" type="auto_model"/>
                <pc:Label value="DEFAULT" type="oem"/>
            </pc:Labels>
            <pc:Labels externalModel="ocrd-tool" externalId="version">
                <pc:Label value="0.19.1 (tesseract 5.4.1)" type="ocrd-tesserocr-recognize"/>
                <pc:Label value="2.71.0" type="ocrd/core"/>
            </pc:Labels>
        </pc:MetadataItem>
    </pc:Metadata>
    <pc:Page imageFilename="GT-PAGE/alberti_pictura_1540_0009.tif" imageWidth="1124" imageHeight="1833" orientation="0.">
        <pc:AlternativeImage filename="OCR-D-BINPAGE/OCR-D-BINPAGE_0009.IMG-BIN.png" comments=",binarized"/>
        <pc:AlternativeImage filename="OCR-D-SEG-PAGE-ANYOCR/OCR-D-SEG-PAGE-ANYOCR_0009.IMG-CROP.png" comments=",binarized,cropped"/>
        <pc:AlternativeImage filename="OCR-D-DENOISE-OCROPY/OCR-D-DENOISE-OCROPY_0009.IMG-DESPECK.png" comments=",binarized,cropped,despeckled"/>
        <pc:AlternativeImage filename="OCR-D-DESKEW-OCROPY/OCR-D-DESKEW-OCROPY_0009.IMG-DESKEW.png" comments=",binarized,cropped,despeckled,deskewed"/>
        <pc:AlternativeImage filename="OCR-D-SEG-BLOCK-TESSERACT/OCR-D-SEG-BLOCK-TESSERACT_0009.IMG-BIN.png" comments=",binarized,cropped,despeckled,deskewed,binarized,clipped"/>
        <pc:Border>
            <pc:Coords points="15,36 19,1779 1065,1787 1059,60"/>
        </pc:Border>
        <pc:ReadingOrder>
            <pc:OrderedGroup id="reading-order">
                <pc:RegionRefIndexed index="0" regionRef="region0000"/>
            </pc:OrderedGroup>
        </pc:ReadingOrder>
        <pc:TextRegion id="region0000" orientation="0.057344140507411" readingDirection="left-to-right" textLineOrder="top-to-bottom">
            <pc:Coords points="92,102 1050,102 1050,1573 92,1573"/>
            <pc:TextLine id="region0000_line0001">
                <pc:AlternativeImage filename="OCR-D-DEWARP/OCR-D-DEWARP_0009_region0000_region0000_line0001.IMG-DEWARP.png" comments="binarized,despeckled,binarized,dewarped"/>
                <pc:Coords points="501,103 500,104 500,105 499,106 499,111 498,112 449,112 448,113 434,113 433,114 390,114 389,113 366,113 365,112 253,112 252,113 251,113 249,115 249,116 248,117 248,149 249,150 249,151 251,153 252,153 253,154 255,154 256,155 256,157 257,158 257,159 259,161 260,161 261,162 276,162 277,163 343,163 344,164 440,164 441,163 519,163 520,164 547,164 548,165 572,165 573,166 638,165 639,164 668,164 669,163 670,163 671,162 672,162 674,160 674,159 675,158 675,157 676,156 683,156 684,155 798,155 799,156 799,159 800,160 800,161 801,162 802,162 803,163 806,163 807,164 817,164 818,165 822,165 823,166 836,166 837,167 879,167 880,166 911,166 912,165 943,165 944,164 953,164 954,163 955,163 957,161 957,160 958,159 958,127 957,126 957,125 955,123 954,123 953,122 888,122 887,121 879,121 878,122 877,122 876,123 689,123 688,122 688,119 687,118 687,117 685,115 684,115 683,114 578,115 577,114 543,114 542,113 524,113 522,111 522,110 520,108 520,107 519,106 519,105 518,104 518,103"/>
                <pc:Baseline points="250,152 639,154 739,146 801,155 958,155"/>
                <pc:Word id="region0000_line0001_word0000">
                    <pc:Coords points="499,106 499,111 498,112 449,112 448,113 434,113 433,114 390,114 389,113 366,113 365,112 319,112 319,153 547,153 547,114 543,114 542,113 524,113 522,111 522,110 520,108 520,107 519,106"/>
                    <pc:TextEquiv conf="0.962847213745117">
                        <pc:Unicode>LIBER</pc:Unicode>
                    </pc:TextEquiv>
                </pc:Word>
                <pc:Word id="region0000_line0001_word0001">
                    <pc:Coords points="601,122 626,122 626,152 601,152"/>
                    <pc:TextEquiv conf="0.662386322021484">
                        <pc:Unicode>I.</pc:Unicode>
                    </pc:TextEquiv>
                </pc:Word>
                <pc:Word id="region0000_line0001_word0002">
                    <pc:Coords points="879,121 878,122 877,122 876,123 869,123 869,150 886,150 886,121"/>
                    <pc:TextEquiv conf="0.131611633300781">
                        <pc:Unicode>s</pc:Unicode>
                    </pc:TextEquiv>
                </pc:Word>
                <pc:TextEquiv conf="0.585615056355794">
                    <pc:Unicode>LIBER I. s</pc:Unicode>
                </pc:TextEquiv>
            </pc:TextLine>
            <pc:TextLine id="region0000_line0002">
                <pc:AlternativeImage filename="OCR-D-DEWARP/OCR-D-DEWARP_0009_region0000_region0000_line0002.IMG-DEWARP.png" comments="binarized,despeckled,binarized,dewarped"/>
                <pc:Coords points="92,164 92,226 115,226 116,227 117,227 118,228 126,228 127,227 128,227 129,226 203,226 204,225 239,225 240,226 384,226 385,225 386,225 387,226 428,226 433,221 438,221 439,220 454,220 455,221 461,221 462,222 462,224 463,225 463,231 464,232 464,233 465,234 467,234 468,235 470,235 471,234 486,234 487,235 534,235 535,234 602,233 603,232 610,232 611,231 614,231 615,230 616,231 616,234 618,236 619,236 620,237 621,237 622,238 636,238 637,237 641,237 642,236 643,236 645,234 645,227 646,226 701,226 702,227 702,232 703,233 704,233 705,234 706,234 707,235 725,235 726,234 727,234 728,233 730,233 730,232 731,231 731,227 732,226 745,226 746,225 792,225 793,226 875,226 876,225 923,225 924,224 941,224 942,223 950,223 951,222 952,222 954,220 954,219 955,218 955,186 954,185 954,184 952,182 951,182 950,181 854,181 853,180 853,177 852,176 852,175 848,171 847,171 846,170 836,170 835,171 834,171 832,173 831,173 829,175 829,176 828,177 828,178 826,180 818,180 816,178 816,174 815,173 815,172 812,169 812,168 809,165 807,165 806,164 803,164 802,163 797,163 796,164 792,164 791,165 788,165 787,166 786,166 785,167 784,167 781,170 781,171 778,174 778,175 777,176 777,178 776,179 711,179 710,180 700,180 699,179 699,174 698,173 698,172 697,171 697,170 695,168 694,168 693,167 692,167 691,166 687,166 686,165 678,165 677,166 676,166 675,167 674,167 673,168 671,168 670,169 669,169 665,173 665,174 664,175 664,177 663,178 663,179 662,180 600,180 599,179 562,180 561,179 543,179 542,178 532,178 531,177 528,177 527,176 527,173 526,172 526,171 524,169 523,169 522,168 521,168 520,167 516,167 515,166 505,166 504,165 415,165 414,166 408,166 407,167 405,167 404,168 403,168 400,171 400,172 399,173 399,176 398,177 386,177 385,178 374,178 373,179 340,179 339,180 296,180 295,179 284,179 283,178 283,174 282,173 282,172 278,168 277,168 276,167 264,167 263,168 261,168 260,169 259,169 258,170 257,170 254,173 254,174 253,175 253,178 252,179 224,179 223,180 199,180 198,179 177,179 176,178 176,177 175,176 175,175 172,172 171,172 170,171 158,171 157,172 156,172 154,170 154,169 152,167 151,167 150,166 149,166 148,165 134,165 133,164"/>
                <pc:Baseline points="92,216 412,215 551,223 955,213"/>
                <pc:Word id="region0000_line0002_word0000">
                    <pc:Coords points="98,176 98,222 232,222 232,179 224,179 223,180 199,180 198,179 177,179 176,178 176,177 175,176"/>
                    <pc:TextEquiv conf="0.591317749023437">
                        <pc:Unicode>ficiem</pc:Unicode>
                    </pc:TextEquiv>
                </pc:Word>
                <pc:Word id="region0000_line0002_word0001">
                    <pc:Coords points="253,177 253,178 252,179 250,179 250,219 416,219 416,177 398,177 386,177 385,178 374,178 373,179 340,179 339,180 296,180 295,179 284,179 283,178 283,177"/>
                    <pc:TextEquiv conf="0.608639869689941">
                        <pc:Unicode>ducent-</pc:Unicode>
                    </pc:TextEquiv>
                </pc:Word>
                <pc:Word id="region0000_line0002_word0002">
                    <pc:Coords points="444,166 444,220 454,220 455,221 461,221 462,222 462,224 463,225 463,231 464,232 464,233 465,234 467,234 468,235 470,235 471,234 486,234 487,235 514,235 514,166 505,166"/>
                    <pc:TextEquiv conf="0.931602325439453">
                        <pc:Unicode>Eſt</pc:Unicode>
                    </pc:TextEquiv>
                </pc:Word>
                <pc:Word id="region0000_line0002_word0003">
                    <pc:Coords points="633,235 633,180 600,180 599,179 562,180 561,179 543,179 542,178 535,178 535,234 602,233 603,232 610,232 611,231 614,231 615,230 616,231 616,234 617,235"/>
                    <pc:TextEquiv conf="0.866263885498047">
                        <pc:Unicode>nang</pc:Unicode>
                    </pc:TextEquiv>
                </pc:Word>
                <pc:Word id="region0000_line0002_word0004">
                    <pc:Coords points="667,171 667,226 701,226 702,227 702,228 731,228 731,227 732,226 745,226 746,225 792,225 793,226 875,226 876,225 885,225 885,181 854,181 853,180 853,177 852,176 852,175 848,171 847,171 835,171 834,171 832,173 831,173 829,175 829,176 828,177 828,178 826,180 818,180 816,178 816,174 815,173 815,172 814,171 781,171 778,174 778,175 777,176 777,178 776,179 711,179 710,180 700,180 699,179 699,174 698,173 698,172 697,171"/>
                    <pc:TextEquiv conf="0.421370697021484">
                        <pc:Unicode>ſuperficies</pc:Unicode>
                    </pc:TextEquiv>
                </pc:Word>
                <pc:TextEquiv conf="0.683838905334473">
                    <pc:Unicode>ficiem ducent- Eſt nang ſuperficies</pc:Unicode>
                </pc:TextEquiv>
            </pc:TextLine>
            <pc:TextLine id="region0000_line0003">
                <pc:AlternativeImage filename="OCR-D-DEWARP/OCR-D-DEWARP_0009_region0000_region0000_line0003.IMG-DEWARP.png" comments="binarized,despeckled,binarized,dewarped"/>
                <pc:Coords points="439,221 438,222 433,222 428,227 428,229 429,230 429,231 431,233 430,234 297,234 296,235 241,235 240,234 144,234 143,235 96,235 95,236 92,236 92,278 105,278 106,277 108,277 109,276 120,276 121,277 126,277 127,278 128,278 129,279 189,279 190,278 192,278 193,277 206,277 207,278 208,278 209,279 241,279 242,280 327,280 328,279 339,279 340,278 344,278 345,277 354,277 355,278 356,278 359,281 359,283 362,283 363,284 367,284 368,285 370,285 371,286 372,286 375,289 382,289 383,288 384,288 385,287 386,287 387,286 387,280 388,279 478,279 479,280 479,284 480,285 480,286 481,287 481,288 482,289 484,289 485,290 488,290 489,289 490,289 492,287 493,287 495,285 497,285 499,283 500,283 504,279 504,278 505,277 517,277 518,278 519,278 520,279 529,279 530,278 539,278 540,277 554,277 555,278 564,278 565,277 572,277 573,276 575,278 576,278 578,280 579,280 580,281 581,281 583,283 591,283 592,283 593,283 597,279 601,279 602,280 602,286 603,287 604,287 605,288 606,288 607,289 624,289 624,288 628,284 628,283 629,282 629,281 631,279 674,279 675,278 697,278 698,277 711,277 712,278 749,278 750,279 771,279 772,280 782,280 783,281 783,285 784,286 784,287 786,287 787,288 791,288 792,289 803,289 804,288 808,288 809,287 811,287 811,286 812,285 812,281 813,280 822,280 823,279 843,279 844,278 880,278 881,277 905,277 906,276 931,276 932,277 932,280 933,281 933,282 936,285 937,285 938,286 939,286 940,287 950,287 951,286 953,286 954,285 955,285 957,283 957,282 958,281 958,277 959,276 977,276 978,275 981,275 982,276 982,282 983,283 983,284 984,285 984,286 987,289 992,289 993,290 994,289 999,289 1002,286 1002,285 1003,284 1003,282 1004,281 1004,280 1005,279 1005,277 1006,276 1011,276 1012,275 1049,275 1049,238 1043,238 1042,237 1028,237 1027,236 1021,236 1020,235 1020,230 1019,229 1019,228 1015,224 1014,224 1013,223 1009,223 1008,222 1000,222 999,223 997,223 996,224 995,224 994,225 993,225 992,226 991,226 988,229 988,230 987,231 987,232 985,234 971,234 970,233 956,233 955,232 945,232 944,231 933,231 932,230 926,230 925,229 924,229 923,228 909,228 908,229 907,229 906,230 879,230 878,231 871,231 870,232 865,232 864,233 857,233 856,234 728,234 727,235 726,235 725,236 707,236 706,235 705,235 704,234 646,234 643,237 642,237 641,238 637,238 636,239 622,239 621,238 620,238 619,237 618,237 616,235 609,235 608,234 535,235 534,236 487,236 486,235 471,235 470,236 468,236 467,235 465,235 463,233 463,232 462,231 462,225 461,224 461,222 455,222 454,221"/>
                <pc:Baseline points="92,267 1049,266"/>
                <pc:Word id="region0000_line0003_word0000">
                    <pc:Coords points="100,240 282,240 282,266 100,266"/>
                    <pc:TextEquiv conf="0.963854217529297">
                        <pc:Unicode>extrema</pc:Unicode>
                    </pc:TextEquiv>
                </pc:Word>
                <pc:Word id="region0000_line0003_word0001">
                    <pc:Coords points="428,228 428,229 429,230 429,231 431,233 430,234 297,234 296,235 292,235 292,278 340,278 344,278 345,277 354,277 355,278 356,278 477,278 477,235 471,235 470,236 468,236 467,235 465,235 463,233 463,232 462,231 462,228"/>
                    <pc:TextEquiv conf="0.123727569580078">
                        <pc:Unicode>corporis</pc:Unicode>
                    </pc:TextEquiv>
                </pc:Word>
                <pc:Word id="region0000_line0003_word0002">
                    <pc:Coords points="488,238 488,277 572,277 573,276 574,277 685,276 685,237 642,237 641,238 637,238 636,239 622,239 621,238 620,238 619,237"/>
                    <pc:TextEquiv conf="0.909983596801758">
                        <pc:Unicode>pars,quæ</pc:Unicode>
                    </pc:TextEquiv>
                </pc:Word>
                <pc:Word id="region0000_line0003_word0003">
                    <pc:Coords points="696,236 783,236 783,264 696,264"/>
                    <pc:TextEquiv conf="0.903463363647461">
                        <pc:Unicode>non</pc:Unicode>
                    </pc:TextEquiv>
                </pc:Word>
                <pc:Word id="region0000_line0003_word0004">
                    <pc:Coords points="792,238 883,238 883,277 792,277"/>
                    <pc:TextEquiv conf="0.903463363647461">
                        <pc:Unicode>pro-</pc:Unicode>
                    </pc:TextEquiv>
                </pc:Word>
                <pc:Word id="region0000_line0003_word0005">
                    <pc:Coords points="990,227 988,229 988,230 987,231 987,232 985,234 971,234 970,233 956,233 955,232 945,232 944,231 933,231 932,230 926,230 925,229 924,229 923,228 909,228 908,229 907,229 906,230 904,230 904,277 905,277 906,276 931,276 932,277 932,278 958,278 958,277 959,276 977,276 978,275 981,275 982,276 982,278 1005,278 1005,277 1006,276 1011,276 1012,275 1033,275 1033,237 1028,237 1027,236 1021,236 1020,235 1020,230 1019,229 1019,228 1018,227"/>
                    <pc:TextEquiv conf="0.">
                        <pc:Unicode>Súperfia</pc:Unicode>
                    </pc:TextEquiv>
                </pc:Word>
                <pc:TextEquiv conf="0.800748685201009">
                    <pc:Unicode>extrema corporis pars,quæ non pro- Súperfia</pc:Unicode>
                </pc:TextEquiv>
            </pc:TextLine>
            <pc:TextLine id="region0000_line0004">
                <pc:AlternativeImage filename="OCR-D-DEWARP/OCR-D-DEWARP_0009_region0000_region0000_line0004.IMG-DEWARP.png" comments="binarized,despeckled,binarized,dewarped"/>
                <pc:Coords points="109,277 108,278 106,278 105,279 103,279 102,280 92,280 92,333 93,334 201,334 202,333 203,333 204,332 207,332 208,331 219,331 220,332 221,332 222,333 285,333 286,334 313,334 314,333 325,333 326,334 376,334 377,335 377,338 379,338 380,339 384,339 385,338 394,338 395,339 396,339 398,341 399,341 400,342 401,342 401,341 404,338 404,337 405,336 405,335 406,334 416,334 417,335 438,335 439,336 452,336 453,337 453,338 456,341 461,341 462,342 464,342 468,338 468,337 473,332 482,332 483,333 484,333 485,334 486,334 488,336 493,336 494,335 503,335 504,334 514,334 515,333 754,332 755,331 760,331 761,330 769,330 770,331 772,331 773,332 807,332 808,333 809,332 811,332 812,331 833,331 834,332 835,332 836,333 887,333 888,332 899,332 900,331 908,331 909,330 1012,330 1013,329 1019,329 1020,328 1021,328 1023,326 1023,325 1024,324 1024,296 1023,295 1023,294 1021,292 1020,292 1019,291 1014,291 1013,290 994,290 993,291 992,290 981,290 980,289 936,289 935,288 935,286 934,285 934,284 932,282 932,281 931,280 930,280 929,279 919,279 918,280 917,280 915,282 915,283 914,284 914,285 913,286 913,288 912,289 842,289 841,288 809,288 808,289 804,289 803,290 792,290 791,289 787,289 786,288 742,288 741,287 735,287 734,286 734,284 733,283 733,282 731,280 730,280 729,279 718,279 717,280 715,280 714,279 712,279 711,278 698,278 697,279 695,279 692,282 692,283 691,284 691,285 690,286 670,286 669,287 647,287 646,286 646,285 645,284 645,283 642,280 631,280 630,281 630,282 629,283 629,284 625,288 625,289 624,290 607,290 606,289 605,289 604,288 596,288 594,286 594,285 593,284 592,284 591,284 583,284 581,282 580,282 579,281 578,281 576,279 575,279 573,277 572,278 570,278 569,279 555,279 554,278 540,278 539,279 530,279 529,280 524,280 523,281 522,280 520,280 519,279 518,279 517,278 505,278 505,279 500,284 499,284 497,286 495,286 493,288 492,288 490,290 489,290 488,291 485,291 484,290 480,290 479,289 448,289 447,288 385,288 384,289 383,289 382,290 375,290 372,287 371,287 370,286 368,286 367,285 363,285 362,284 359,284 358,283 358,281 356,279 355,279 354,278 345,278 344,279 340,279 339,280 336,280 334,282 334,283 333,284 333,288 332,289 327,289 326,288 276,288 275,287 267,287 266,288 230,288 229,287 229,285 228,284 228,283 225,280 212,280 211,281 210,280 209,280 208,279 207,279 206,278 193,278 192,279 190,279 189,280 187,280 185,282 185,283 184,284 184,287 183,288 169,288 168,289 139,289 138,288 133,288 132,287 132,282 131,281 131,280 129,280 128,279 127,279 126,278 121,278 120,277"/>
                <pc:Baseline points="92,324 1024,320"/>
                <pc:Word id="region0000_line0004_word0000">
                    <pc:Coords points="102,284 102,326 301,326 301,288 276,288 275,287 267,287 266,288 230,288 229,287 229,285 228,284 184,284 184,287 183,288 169,288 168,289 139,289 138,288 133,288 132,287 132,284"/>
                    <pc:TextEquiv conf="0.735423431396484">
                        <pc:Unicode>fundicate</pc:Unicode>
                    </pc:TextEquiv>
                </pc:Word>
                <pc:Word id="region0000_line0004_word0001">
                    <pc:Coords points="334,283 333,284 333,288 332,289 327,289 326,288 318,288 318,333 325,333 326,334 376,334 377,335 405,335 406,334 416,334 417,335 438,335 470,335 471,334 471,289 448,289 447,288 385,288 384,289 383,289 382,290 375,290 372,287 371,287 370,286 368,286 367,285 363,285 362,284 359,284 358,283"/>
                    <pc:TextEquiv conf="0.808980102539062">
                        <pc:Unicode>aligua,</pc:Unicode>
                    </pc:TextEquiv>
                </pc:Word>
                <pc:Word id="region0000_line0004_word0002">
                    <pc:Coords points="499,284 497,286 495,286 493,288 492,288 492,323 554,323 554,284 500,284"/>
                    <pc:TextEquiv conf="0.563921318054199">
                        <pc:Unicode>ſed</pc:Unicode>
                    </pc:TextEquiv>
                </pc:Word>
                <pc:Word id="region0000_line0004_word0003">
                    <pc:Coords points="571,285 571,324 779,323 779,288 742,288 741,287 735,287 734,286 734,284 691,284 691,285 690,286 670,286 669,287 647,287 646,286 646,285 646,285 628,285 625,288 625,289 624,290 607,290 606,289 605,289 604,288 596,288 594,286 594,285 594,285"/>
                    <pc:TextEquiv conf="0.559435882568359">
                        <pc:Unicode>latitudine</pc:Unicode>
                    </pc:TextEquiv>
                </pc:Word>
                <pc:Word id="region0000_line0004_word0004">
                    <pc:Coords points="799,295 882,295 882,323 799,323"/>
                    <pc:TextEquiv conf="0.899079284667969">
                        <pc:Unicode>tan-</pc:Unicode>
                    </pc:TextEquiv>
                </pc:Word>
                <pc:Word id="region0000_line0004_word0005">
                    <pc:Coords points="913,286 913,288 912,289 902,289 902,320 967,320 967,289 936,289 935,288 935,286"/>
                    <pc:TextEquiv conf="0.827384872436523">
                        <pc:Unicode>cies.</pc:Unicode>
                    </pc:TextEquiv>
                </pc:Word>
                <pc:TextEquiv conf="0.7323708152771">
                    <pc:Unicode>fundicate aligua, ſed latitudine tan- cies.</pc:Unicode>
                </pc:TextEquiv>
            </pc:TextLine>
            <pc:TextLine id="region0000_line0005">
                <pc:AlternativeImage filename="OCR-D-DEWARP/OCR-D-DEWARP_0009_region0000_region0000_line0005.IMG-DEWARP.png" comments="binarized,despeckled,binarized,dewarped"/>
                <pc:Coords points="208,332 207,333 204,333 203,334 202,334 201,335 199,335 197,337 197,338 196,339 196,340 195,341 194,341 193,342 164,342 163,343 137,343 136,342 115,342 114,341 105,341 104,342 92,342 92,387 106,387 107,388 142,388 143,387 184,387 185,386 186,386 187,385 201,385 202,386 234,386 235,387 251,387 252,388 261,388 262,389 268,389 269,390 269,391 271,393 274,393 275,392 286,392 288,394 289,394 290,393 291,393 292,392 298,392 299,393 302,393 303,394 304,394 305,395 307,395 310,392 310,391 311,390 322,390 323,389 333,389 334,388 353,388 354,387 472,387 473,388 472,389 472,395 474,397 475,397 476,398 477,398 478,399 494,399 495,398 497,398 498,397 499,397 501,395 501,389 502,388 503,388 504,387 521,387 522,386 524,386 525,385 526,385 527,384 547,384 548,385 556,385 557,386 572,386 573,387 578,387 579,388 579,396 581,398 582,398 583,399 585,399 586,400 601,399 602,398 605,398 606,397 607,397 609,395 609,391 610,390 619,390 620,391 620,393 621,394 621,395 623,395 624,396 628,396 629,397 630,396 641,396 642,395 645,395 646,394 648,394 648,393 649,392 649,390 650,389 651,389 652,388 659,388 660,387 666,387 667,386 672,386 673,385 688,385 689,384 724,384 725,385 741,385 742,386 787,386 788,385 791,385 792,384 802,384 803,385 804,385 805,386 825,386 826,387 936,387 937,386 939,386 940,385 941,385 942,384 947,384 948,383 949,383 951,381 951,380 952,379 952,347 951,346 951,345 949,343 948,343 947,342 873,342 872,341 872,339 871,338 871,337 868,334 853,334 848,339 848,340 847,341 847,342 846,343 839,343 838,342 838,335 837,334 836,334 835,333 834,333 833,332 812,332 811,333 809,333 808,334 807,334 803,338 803,339 802,340 777,340 776,339 776,335 775,334 775,333 773,333 772,332 770,332 769,331 761,331 760,332 755,332 754,333 752,333 750,335 750,336 749,337 749,339 748,340 739,340 738,341 721,341 720,340 720,337 719,336 719,335 717,333 703,333 698,338 698,339 696,341 538,342 537,343 499,343 498,342 489,342 488,341 488,337 486,335 485,335 484,334 483,334 482,333 473,333 469,337 469,338 464,343 462,343 461,342 422,342 421,341 421,339 420,338 420,337 419,336 417,336 416,335 406,335 406,336 405,337 405,338 402,341 402,342 401,343 400,343 399,342 398,342 396,340 395,340 394,339 385,339 384,340 380,340 379,339 377,339 377,341 376,342 331,342 330,341 330,338 329,337 329,336 328,335 326,335 325,334 314,334 313,335 311,335 309,337 309,338 308,339 308,340 306,342 237,342 236,341 225,341 224,340 224,335 223,334 222,334 221,333 220,333 219,332"/>
                <pc:Baseline points="92,378 952,376"/>
                <pc:Word id="region0000_line0005_word0000">
                    <pc:Coords points="101,351 193,351 193,380 101,380"/>
                    <pc:TextEquiv conf="0.926348876953125">
                        <pc:Unicode>tum</pc:Unicode>
                    </pc:TextEquiv>
                </pc:Word>
                <pc:Word id="region0000_line0005_word0001">
                    <pc:Coords points="205,338 205,386 234,386 235,387 251,387 252,388 261,388 262,389 268,389 269,390 269,391 271,393 274,393 275,392 286,392 288,394 289,394 290,393 291,393 292,392 298,392 299,393 302,393 303,394 304,394 305,395 307,395 310,392 310,391 311,390 322,390 323,389 333,389 334,388 353,388 354,387 472,387 473,388 472,389 472,394 501,394 501,389 502,388 503,388 504,387 521,387 522,386 524,386 525,385 526,385 527,384 547,384 548,385 556,385 557,386 572,386 573,387 578,387 579,388 579,394 609,394 609,391 610,390 612,390 612,342 538,342 537,343 499,343 498,342 489,342 488,341 488,337 469,337 469,338 464,343 462,343 461,342 422,342 421,341 421,339 420,338 420,337 405,338 405,338 402,341 402,342 401,343 400,343 399,342 398,342 396,340 395,340 394,339 385,339 384,340 380,340 379,339 377,339 377,341 376,342 331,342 330,341 330,338 330,338 309,338 309,338 308,339 308,340 306,342 237,342 236,341 225,341 224,340 224,338"/>
                    <pc:TextEquiv conf="0.160782241821289">
                        <pc:Unicode>longicrudinegziatc</pc:Unicode>
                    </pc:TextEquiv>
                </pc:Word>
                <pc:Word id="region0000_line0005_word0002">
                    <pc:Coords points="697,340 696,341 629,341 629,389 650,389 651,389 652,388 659,388 660,387 666,387 667,386 672,386 673,385 688,385 689,384 724,384 725,385 741,385 742,386 787,386 788,385 791,385 792,384 793,384 793,340 777,340 748,340 739,340 738,341 721,341 720,340"/>
                    <pc:TextEquiv conf="0.872582321166992">
                        <pc:Unicode>perinde</pc:Unicode>
                    </pc:TextEquiv>
                </pc:Word>
                <pc:Word id="region0000_line0005_word0003">
                    <pc:Coords points="807,340 807,380 882,380 882,342 873,342 872,341 872,340 848,340 847,341 847,342 846,343 839,343 838,342 838,340"/>
                    <pc:TextEquiv conf="0.776968536376953">
                        <pc:Unicode>ſuis</pc:Unicode>
                    </pc:TextEquiv>
                </pc:Word>
                <pc:TextEquiv conf="0.68417049407959">
                    <pc:Unicode>tum longicrudinegziatc perinde ſuis</pc:Unicode>
                </pc:TextEquiv>
            </pc:TextLine>
            <pc:TextLine id="region0000_line0006">
                <pc:AlternativeImage filename="OCR-D-DEWARP/OCR-D-DEWARP_0009_region0000_region0000_line0006.IMG-DEWARP.png" comments="binarized,despeckled,binarized,dewarped"/>
                <pc:Coords points="527,385 526,386 525,386 524,387 522,387 520,389 520,390 518,392 518,393 517,394 517,395 516,396 501,396 499,398 498,398 497,399 495,399 494,400 478,400 477,399 476,399 475,398 474,398 472,396 460,396 459,395 373,395 372,396 343,396 342,397 306,397 304,395 303,395 302,394 299,394 298,393 292,393 291,394 290,394 289,395 288,395 286,393 275,393 274,394 271,394 271,395 270,396 269,396 268,395 260,395 259,396 254,396 253,395 225,395 224,394 224,392 223,391 223,390 221,388 220,388 219,387 209,387 208,388 207,388 206,389 204,387 202,387 201,386 187,386 186,387 185,387 184,388 183,388 182,389 182,390 181,391 181,394 180,395 179,395 178,396 161,396 160,397 92,397 92,441 96,441 97,442 106,442 107,443 107,447 108,448 109,448 110,449 111,449 112,450 113,450 114,451 123,451 124,452 131,452 132,451 133,451 134,450 136,450 136,449 137,448 137,443 138,442 163,442 164,441 214,441 215,440 221,440 222,441 229,441 230,440 235,440 236,439 247,439 248,440 249,440 250,441 360,441 361,440 382,440 383,439 385,439 386,438 391,438 392,437 400,437 401,438 406,438 407,439 408,439 409,440 410,440 411,441 415,441 416,442 422,442 429,449 433,449 434,450 439,450 440,451 441,451 442,450 452,450 453,449 459,449 460,448 461,448 462,447 463,447 464,446 464,445 466,443 478,443 479,442 486,442 487,441 494,441 495,440 496,440 498,438 500,438 501,437 507,437 508,436 518,436 519,437 520,437 521,438 522,438 523,439 524,439 525,440 544,440 545,441 546,440 559,440 560,441 584,441 585,440 595,439 596,440 600,440 601,439 648,439 649,438 650,438 651,439 652,439 653,438 665,438 666,439 667,439 672,444 673,444 674,445 676,445 677,446 683,446 684,447 692,447 693,448 703,448 704,449 724,449 725,450 757,450 758,449 773,449 774,448 778,448 779,447 781,447 782,446 782,445 783,444 783,440 784,439 794,439 795,440 845,440 846,441 858,441 859,442 865,442 866,443 871,443 872,444 877,444 878,445 885,445 886,446 898,446 899,447 961,447 962,446 969,446 970,445 973,445 974,444 976,444 977,443 978,443 979,442 980,442 981,441 983,441 984,440 987,440 988,439 997,439 998,438 1002,438 1003,439 1020,439 1021,438 1049,438 1049,397 1036,397 1035,396 1027,396 1026,397 1019,397 1018,396 1011,396 1009,394 1009,393 1007,391 1006,391 1005,390 1002,390 999,387 998,387 997,386 990,386 989,385 988,385 987,384 979,384 978,385 977,385 976,386 974,386 973,387 972,387 969,390 969,391 968,392 968,395 967,396 962,396 961,395 936,395 935,394 879,394 878,395 850,395 849,394 827,394 826,393 826,392 825,391 825,390 822,387 805,387 804,386 803,386 802,385 792,385 791,386 788,386 787,387 784,387 782,389 782,390 781,391 781,394 780,395 777,395 776,394 765,394 764,393 759,393 758,392 757,392 756,391 755,391 753,389 752,389 751,388 750,388 749,387 742,387 741,386 725,386 724,385 689,385 688,386 673,386 672,387 667,387 666,388 664,388 662,390 661,390 658,393 657,393 656,394 651,394 650,395 646,395 645,396 642,396 641,397 630,397 629,398 628,397 624,397 623,396 609,396 607,398 606,398 605,399 602,399 601,400 586,401 585,400 583,400 582,399 581,399 579,397 568,397 567,396 554,396 553,395 553,390 552,389 552,388 550,386 548,386 547,385"/>
                <pc:Baseline points="92,433 651,428 735,439 785,430 935,436 1049,429"/>
                <pc:Word id="region0000_line0006_word0000">
                    <pc:Coords points="181,393 181,394 180,395 179,395 178,396 161,396 160,397 101,397 101,442 106,442 107,443 107,445 137,445 137,443 138,442 163,442 164,441 214,441 215,440 221,440 222,441 229,441 230,440 235,440 236,439 247,439 248,440 249,440 250,441 360,441 361,440 363,440 363,396 343,396 342,397 306,397 304,395 303,395 302,394 299,394 298,393 292,393 291,394 290,394 289,395 288,395 286,393 275,393 274,394 271,394 271,395 270,396 269,396 268,395 260,395 259,396 254,396 253,395 225,395 224,394 224,393"/>
                    <pc:TextEquiv conf="0.861954803466797">
                        <pc:Unicode>qualitatibus</pc:Unicode>
                    </pc:TextEquiv>
                </pc:Word>
                <pc:Word id="region0000_line0006_word0001">
                    <pc:Coords points="518,392 518,392 518,393 517,394 517,395 516,396 501,396 499,398 498,398 497,399 495,399 494,400 478,400 477,399 476,399 475,398 474,398 472,396 460,396 459,395 381,395 381,440 382,440 383,439 385,439 386,438 391,438 392,437 400,437 401,438 406,438 407,439 408,439 409,440 410,440 411,441 415,441 416,442 422,442 424,444 465,444 466,443 478,443 479,442 486,442 487,441 494,441 495,440 496,440 498,438 500,438 501,437 507,437 508,436 518,436 519,437 520,437 521,438 522,438 523,439 524,439 525,440 544,440 545,441 546,440 559,440 560,441 584,441 585,440 595,439 596,440 600,440 601,439 648,439 649,438 650,438 651,439 652,439 653,438 665,438 666,439 667,439 667,391 660,391 658,393 657,393 656,394 651,394 650,395 646,395 645,396 642,396 641,397 630,397 629,398 628,397 624,397 623,396 609,396 607,398 606,398 605,399 602,399 601,400 586,401 585,400 583,400 582,399 581,399 579,397 568,397 567,396 554,396 553,395 553,391"/>
                    <pc:TextEquiv conf="0.435925483703613">
                        <pc:Unicode>cognoſcatur,</pc:Unicode>
                    </pc:TextEquiv>
                </pc:Word>
                <pc:Word id="region0000_line0006_word0002">
                    <pc:Coords points="691,391 691,442 783,442 783,440 784,439 794,439 795,440 845,440 846,441 858,441 859,442 865,442 876,442 876,395 850,395 849,394 827,394 826,393 826,392 825,391 781,391 781,394 780,395 777,395 776,394 765,394 764,393 759,393 758,392 757,392 756,391 755,391"/>
                    <pc:TextEquiv conf="0.822297821044922">
                        <pc:Unicode>Qualita-</pc:Unicode>
                    </pc:TextEquiv>
                </pc:Word>
                <pc:Word id="region0000_line0006_word0003">
                    <pc:Coords points="968,392 968,395 967,396 962,396 961,395 936,395 935,394 901,394 901,438 998,438 1002,438 1021,438 1045,438 1045,397 1036,397 1035,396 1027,396 1026,397 1019,397 1018,396 1011,396 1009,394 1009,393 1008,392"/>
                    <pc:TextEquiv conf="0.036943206787109">
                        <pc:Unicode>Quit.</pc:Unicode>
                    </pc:TextEquiv>
                </pc:Word>
                <pc:TextEquiv conf="0.53928032875061">
                    <pc:Unicode>qualitatibus cognoſcatur, Qualita- Quit.</pc:Unicode>
                </pc:TextEquiv>
            </pc:TextLine>
            <pc:TextLine id="region0000_line0007">
                <pc:AlternativeImage filename="OCR-D-DEWARP/OCR-D-DEWARP_0009_region0000_region0000_line0007.IMG-DEWARP.png" comments="binarized,despeckled,binarized,dewarped"/>
                <pc:Coords points="508,437 507,438 501,438 500,439 498,439 496,441 495,441 494,442 493,442 491,444 491,445 489,447 483,447 482,448 462,448 461,449 460,449 459,450 453,450 452,451 442,451 441,452 440,452 439,451 434,451 433,450 414,450 413,449 413,444 412,443 412,442 411,442 410,441 409,441 408,440 407,440 406,439 401,439 400,438 392,438 391,439 386,439 385,440 383,440 382,441 379,441 377,443 377,444 376,445 376,446 375,447 375,448 373,450 370,450 369,449 336,449 335,448 330,448 328,446 328,445 325,442 311,442 307,446 307,447 305,449 270,449 268,447 268,446 267,445 267,444 265,442 250,442 249,441 248,441 247,440 236,440 235,441 230,441 229,442 227,442 225,444 225,445 224,446 224,449 223,450 141,450 140,451 134,451 133,452 132,452 131,453 124,453 123,452 114,452 113,451 112,451 111,450 110,450 109,449 105,449 104,450 92,450 92,495 152,495 153,494 154,494 155,493 159,493 160,492 175,492 176,493 177,493 178,494 179,494 180,495 279,495 280,494 297,494 298,493 300,493 301,492 307,492 308,491 314,491 315,492 321,492 322,493 323,493 324,494 391,494 392,493 394,493 395,492 399,492 400,491 406,491 407,492 409,492 410,493 411,493 412,494 413,494 414,495 415,495 416,496 416,500 417,501 418,501 419,502 420,502 421,503 438,503 439,502 440,502 441,501 442,501 443,500 443,496 444,495 454,495 455,494 478,494 479,493 513,493 514,492 555,492 556,491 559,491 560,490 577,490 578,491 579,491 580,492 582,492 583,493 669,492 670,491 671,491 672,490 676,490 677,489 690,489 691,490 693,490 694,491 696,491 697,492 733,492 734,493 764,493 765,494 779,494 780,495 791,495 792,496 804,496 806,498 812,498 813,497 820,497 821,496 824,496 825,497 828,497 829,496 851,496 852,495 856,495 857,494 905,494 906,495 940,495 941,494 942,494 945,491 946,491 948,489 948,488 949,487 949,455 948,454 948,453 946,451 945,451 944,450 940,450 939,449 930,449 929,448 802,448 801,447 793,447 792,448 779,448 778,449 774,449 773,450 758,450 757,451 725,451 724,450 704,450 703,449 693,449 692,448 684,448 683,447 672,447 671,446 671,444 667,440 666,440 665,439 653,439 652,440 651,440 649,442 649,443 648,444 648,446 647,447 632,447 631,446 631,444 630,443 630,442 628,440 613,440 609,444 609,445 608,446 608,447 607,448 601,448 600,447 600,444 599,443 599,442 598,441 596,441 595,440 585,441 584,442 581,442 579,444 579,445 578,446 578,447 576,449 565,449 564,448 564,445 563,444 563,443 562,442 560,442 559,441 546,441 545,442 544,442 542,444 542,445 541,446 541,447 540,448 537,448 536,447 529,447 528,446 528,443 527,442 527,441 525,441 524,440 523,440 522,439 521,439 520,438 519,438 518,437"/>
                <pc:Baseline points="92,485 949,485"/>
                <pc:Word id="region0000_line0007_word0000">
                    <pc:Coords points="102,454 193,454 193,483 102,483"/>
                    <pc:TextEquiv conf="0.964486770629883">
                        <pc:Unicode>tum</pc:Unicode>
                    </pc:TextEquiv>
                </pc:Word>
                <pc:Word id="region0000_line0007_word0001">
                    <pc:Coords points="225,444 225,445 224,446 224,449 223,450 209,450 209,483 295,483 295,449 270,449 268,447 268,446 267,445 267,444"/>
                    <pc:TextEquiv conf="0.226175384521484">
                        <pc:Unicode>alix</pc:Unicode>
                    </pc:TextEquiv>
                </pc:Word>
                <pc:Word id="region0000_line0007_word0002">
                    <pc:Coords points="309,447 309,483 364,483 364,449 336,449 335,448 330,448 329,447"/>
                    <pc:TextEquiv conf="0.835926895141602">
                        <pc:Unicode>ita</pc:Unicode>
                    </pc:TextEquiv>
                </pc:Word>
                <pc:Word id="region0000_line0007_word0003">
                    <pc:Coords points="382,441 382,441 379,441 379,494 391,494 392,493 394,493 395,492 399,492 400,491 406,491 407,492 409,492 410,493 411,493 412,494 413,494 414,495 454,495 455,494 478,494 479,493 513,493 514,492 555,492 556,491 559,491 560,490 577,490 578,491 579,491 580,492 582,492 583,493 592,493 592,440 585,441 584,442 581,442 579,444 579,445 578,446 578,447 576,449 565,449 564,448 564,445 563,444 563,443 562,442 560,442 559,441 546,441 545,442 544,442 542,444 542,445 541,446 541,447 540,448 537,448 536,447 529,447 528,446 528,443 527,442 527,441 525,441 524,440 497,440 496,441 495,441 494,442 493,442 491,444 491,445 489,447 483,447 482,448 462,448 461,449 460,449 459,450 453,450 452,451 442,451 441,452 440,452 439,451 434,451 433,450 414,450 413,449 413,444 412,443 412,442 411,442 410,441 409,441 409,441"/>
                    <pc:TextEquiv conf="0.400375938415527">
                        <pc:Unicode>luperficiei</pc:Unicode>
                    </pc:TextEquiv>
                </pc:Word>
                <pc:Word id="region0000_line0007_word0004">
                    <pc:Coords points="610,444 610,490 672,490 676,490 677,489 690,489 691,490 693,490 825,490 825,448 802,448 801,447 793,447 792,448 779,448 778,449 774,449 773,450 758,450 757,451 725,451 724,450 704,450 703,449 693,449 692,448 684,448 683,447 672,447 671,446 671,444 648,444 648,446 647,447 632,447 631,446 631,444"/>
                    <pc:TextEquiv conf="0.473738784790039">
                        <pc:Unicode>inhærent,</pc:Unicode>
                    </pc:TextEquiv>
                </pc:Word>
                <pc:Word id="region0000_line0007_word0005">
                    <pc:Coords points="838,454 883,454 883,481 838,481"/>
                    <pc:TextEquiv conf="0.921513595581055">
                        <pc:Unicode>uc</pc:Unicode>
                    </pc:TextEquiv>
                </pc:Word>
                <pc:TextEquiv conf="0.637036228179932">
                    <pc:Unicode>tum alix ita luperficiei inhærent, uc</pc:Unicode>
                </pc:TextEquiv>
            </pc:TextLine>
            <pc:TextLine id="region0000_line0008">
                <pc:AlternativeImage filename="OCR-D-DEWARP/OCR-D-DEWARP_0009_region0000_region0000_line0008.IMG-DEWARP.png" comments="binarized,despeckled,binarized,dewarped"/>
                <pc:Coords points="560,491 559,492 556,492 555,493 553,493 551,495 551,496 550,497 550,500 548,502 530,502 529,501 449,501 448,502 441,502 440,503 439,503 438,504 421,504 420,503 419,503 418,502 415,502 414,501 414,496 413,495 412,495 411,494 410,494 409,493 407,493 406,492 400,492 399,493 395,493 394,494 392,494 391,495 389,495 388,496 388,497 387,498 387,501 386,502 364,502 363,503 328,503 327,502 327,497 326,496 326,495 324,495 323,494 322,494 321,493 315,493 314,492 308,492 307,493 301,493 300,494 298,494 297,495 295,495 293,497 293,498 292,499 292,500 290,502 243,502 242,503 192,503 191,504 187,504 186,503 186,501 185,500 185,499 182,496 180,496 179,495 178,495 177,494 176,494 175,493 160,493 159,494 155,494 154,495 153,495 152,496 139,496 138,497 137,497 133,501 133,502 132,503 92,503 92,549 187,549 188,550 188,552 190,552 191,553 196,553 197,552 200,552 201,551 203,551 204,550 205,550 209,546 217,546 218,547 220,547 221,548 235,548 236,547 264,547 265,546 266,547 316,547 317,548 385,548 386,547 399,547 400,548 412,548 413,547 497,547 498,546 515,546 516,545 517,545 518,544 524,544 525,543 533,543 534,544 538,544 539,545 540,545 541,546 542,546 543,547 552,547 553,546 562,546 563,547 565,547 566,548 587,548 588,549 588,552 589,553 589,554 590,555 592,554 593,555 599,555 600,556 606,556 607,555 611,555 612,554 614,554 614,553 615,552 615,548 616,547 634,547 635,546 700,546 701,547 760,547 761,546 779,546 780,547 923,547 924,546 925,546 926,545 930,545 931,544 932,544 934,542 934,541 935,540 935,508 934,507 934,506 932,504 931,504 930,503 876,503 875,502 875,499 874,498 874,497 872,495 857,495 856,496 854,496 851,499 851,500 850,501 850,502 849,503 845,503 844,502 830,502 829,501 829,499 828,498 825,498 824,497 821,497 820,498 813,498 812,499 806,499 806,500 804,502 737,502 736,501 736,498 735,497 735,496 733,494 732,494 731,493 720,493 719,494 718,494 714,498 714,499 712,501 702,501 701,500 701,496 700,495 700,494 699,493 697,493 696,492 694,492 693,491 691,491 690,490 677,490 676,491 672,491 671,492 670,492 669,493 667,493 666,494 666,495 665,496 665,497 664,498 664,500 663,501 607,501 606,502 584,503 583,502 583,495 582,494 582,493 580,493 579,492 578,492 577,491"/>
                <pc:Baseline points="92,539 935,538"/>
                <pc:Word id="region0000_line0008_word0000">
                    <pc:Coords points="102,538 180,538 180,498 136,498 133,501 133,502 132,503 102,503"/>
                    <pc:TextEquiv conf="0.856888656616211">
                        <pc:Unicode>nili</pc:Unicode>
                    </pc:TextEquiv>
                </pc:Word>
                <pc:Word id="region0000_line0008_word0001">
                    <pc:Coords points="293,498 292,499 292,500 290,502 243,502 242,503 196,503 196,550 204,550 205,550 209,546 217,546 218,547 220,547 221,548 235,548 236,547 264,547 265,546 266,547 316,547 317,548 355,548 355,503 328,503 327,502 327,498"/>
                    <pc:TextEquiv conf="0.809322357177734">
                        <pc:Unicode>prorfus</pc:Unicode>
                    </pc:TextEquiv>
                </pc:Word>
                <pc:Word id="region0000_line0008_word0002">
                    <pc:Coords points="387,498 387,501 386,502 372,502 372,538 533,538 533,502 530,502 529,501 449,501 448,502 441,502 440,503 439,503 438,504 421,504 420,503 419,503 418,502 415,502 414,501 414,498"/>
                    <pc:TextEquiv conf="0.932470321655273">
                        <pc:Unicode>alterata</pc:Unicode>
                    </pc:TextEquiv>
                </pc:Word>
                <pc:Word id="region0000_line0008_word0003">
                    <pc:Coords points="553,496 553,546 562,546 563,547 565,547 566,548 587,548 588,549 588,550 615,550 615,548 616,547 634,547 635,546 700,546 701,547 751,547 751,502 737,502 736,501 736,498 735,497 735,496 734,495 717,495 714,498 714,499 712,501 702,501 701,500 701,496 700,495 666,495 665,496 665,497 664,498 664,500 663,501 607,501 606,502 584,503 583,502 583,496"/>
                    <pc:TextEquiv conf="0.29916389465332">
                        <pc:Unicode>ſaperficie</pc:Unicode>
                    </pc:TextEquiv>
                </pc:Word>
                <pc:Word id="region0000_line0008_word0004">
                    <pc:Coords points="805,501 804,502 766,502 766,537 882,537 882,503 876,503 875,502 875,501 850,501 850,502 849,503 845,503 844,502 830,502 829,501"/>
                    <pc:TextEquiv conf="0.603735008239746">
                        <pc:Unicode>mini-</pc:Unicode>
                    </pc:TextEquiv>
                </pc:Word>
                <pc:TextEquiv conf="0.700316047668457">
                    <pc:Unicode>nili prorfus alterata ſaperficie mini-</pc:Unicode>
                </pc:TextEquiv>
            </pc:TextLine>
            <pc:TextLine id="region0000_line0009">
                <pc:AlternativeImage filename="OCR-D-DEWARP/OCR-D-DEWARP_0009_region0000_region0000_line0009.IMG-DEWARP.png" comments="binarized,despeckled,binarized,dewarped"/>
                <pc:Coords points="525,544 524,545 518,545 517,546 516,546 515,547 512,547 509,550 509,551 508,552 508,553 507,554 457,554 456,555 435,555 434,556 415,556 414,555 405,555 404,554 404,552 403,551 403,550 402,549 400,549 399,548 386,548 385,549 383,549 381,551 381,552 380,553 380,554 379,555 338,555 337,556 224,556 223,555 223,550 222,549 221,549 220,548 218,548 217,547 209,547 205,551 204,551 203,552 201,552 200,553 197,553 196,554 191,554 190,553 187,553 187,554 185,556 152,556 151,557 92,557 92,601 153,601 154,600 156,600 157,599 173,599 174,598 188,598 189,597 202,597 203,596 213,596 214,597 239,597 240,598 245,598 246,599 247,599 248,600 257,600 258,599 259,599 260,598 262,598 263,597 269,597 270,598 273,598 274,599 275,599 276,600 327,600 328,601 369,601 370,602 386,602 388,600 389,600 390,599 401,599 407,605 409,605 410,606 411,606 412,607 415,607 416,606 417,606 420,603 431,603 432,602 451,602 452,601 472,601 473,600 505,600 506,599 509,599 510,598 520,598 521,599 525,599 526,600 573,600 574,601 592,600 593,601 602,601 603,602 609,602 610,603 612,603 614,605 614,606 615,607 617,607 618,608 620,608 621,609 628,609 629,610 642,610 643,609 646,609 647,608 647,607 653,601 656,601 657,600 660,600 661,599 664,599 665,600 667,600 669,602 681,602 682,603 682,605 683,606 683,607 684,608 685,608 686,609 687,609 688,610 689,610 690,611 703,611 704,610 708,610 708,609 709,608 709,607 711,605 711,604 712,603 712,602 713,601 718,601 719,600 724,600 725,601 755,601 756,600 757,600 758,599 760,599 761,598 762,598 763,597 774,597 775,598 779,598 780,599 781,599 782,600 789,600 790,601 837,601 838,600 849,600 850,599 852,599 853,598 867,598 868,599 873,599 874,598 875,598 876,597 877,597 878,596 890,596 891,595 892,595 895,592 895,591 896,590 896,559 895,558 895,557 893,555 892,555 891,554 804,554 803,555 771,555 770,556 722,556 721,555 671,555 670,554 670,551 669,550 669,549 667,547 653,547 649,551 649,552 648,553 648,554 647,555 612,555 611,556 607,556 606,557 600,557 599,556 593,556 592,555 570,556 569,555 569,552 568,551 568,550 567,549 566,549 565,548 563,548 562,547 553,547 552,548 550,548 546,552 546,553 545,554 544,553 544,549 542,547 541,547 540,546 539,546 538,545 534,545 533,544"/>
                <pc:Baseline points="92,591 684,593 896,587"/>
                <pc:Word id="region0000_line0009_word0000">
                    <pc:Coords points="102,565 169,565 169,591 102,591"/>
                    <pc:TextEquiv conf="0.964236679077148">
                        <pc:Unicode>me</pc:Unicode>
                    </pc:TextEquiv>
                </pc:Word>
                <pc:Word id="region0000_line0009_word0001">
                    <pc:Coords points="206,550 205,551 204,551 203,552 201,552 200,553 197,553 196,554 191,554 190,553 190,588 226,588 226,556 224,556 223,555 223,550"/>
                    <pc:TextEquiv conf="0.681143493652344">
                        <pc:Unicode>fe</pc:Unicode>
                    </pc:TextEquiv>
                </pc:Word>
                <pc:Word id="region0000_line0009_word0002">
                    <pc:Coords points="380,553 380,554 379,555 338,555 337,556 239,556 239,597 240,598 245,598 260,598 262,598 263,597 269,597 270,598 273,598 416,598 416,556 415,556 414,555 405,555 404,554 404,553"/>
                    <pc:TextEquiv conf="0.629229049682617">
                        <pc:Unicode>mouerí,</pc:Unicode>
                    </pc:TextEquiv>
                </pc:Word>
                <pc:Word id="region0000_line0009_word0003">
                    <pc:Coords points="427,561 496,561 496,589 427,589"/>
                    <pc:TextEquiv conf="0.775858306884766">
                        <pc:Unicode>auc</pc:Unicode>
                    </pc:TextEquiv>
                </pc:Word>
                <pc:Word id="region0000_line0009_word0004">
                    <pc:Coords points="512,548 512,598 520,598 521,599 525,599 526,600 573,600 574,601 582,601 592,600 592,600 657,600 657,600 660,600 661,599 663,599 663,547 653,547 649,551 649,552 648,553 648,554 647,555 612,555 611,556 607,556 606,557 600,557 599,556 593,556 592,555 570,556 569,555 569,552 568,551 568,550 567,549 566,549 565,548 563,548 563,548 552,548 552,548 550,548 546,552 546,553 545,554 544,553 544,549 543,548"/>
                    <pc:TextEquiv conf="0.491909484863281">
                        <pc:Unicode>ſeíungi</pc:Unicode>
                    </pc:TextEquiv>
                </pc:Word>
                <pc:Word id="region0000_line0009_word0005">
                    <pc:Coords points="839,559 678,559 678,600 719,600 724,600 756,600 757,600 758,599 760,599 761,598 762,598 763,597 774,597 775,598 779,598 780,599 781,599 782,600 789,600 838,600 839,600"/>
                    <pc:TextEquiv conf="0.959284057617187">
                        <pc:Unicode>queant.</pc:Unicode>
                    </pc:TextEquiv>
                </pc:Word>
                <pc:TextEquiv conf="0.750276845296224">
                    <pc:Unicode>me fe mouerí, auc ſeíungi queant.</pc:Unicode>
                </pc:TextEquiv>
            </pc:TextLine>
            <pc:TextLine id="region0000_line0010">
                <pc:AlternativeImage filename="OCR-D-DEWARP/OCR-D-DEWARP_0009_region0000_region0000_line0010.IMG-DEWARP.png" comments="binarized,despeckled,binarized,dewarped"/>
                <pc:Coords points="203,597 202,598 189,598 188,599 174,599 173,600 157,600 156,601 154,601 153,602 151,602 151,603 150,604 150,610 149,611 139,611 138,612 128,612 127,613 126,613 125,614 124,614 122,616 122,617 121,618 121,645 122,646 122,647 124,647 125,648 129,648 130,649 138,649 139,650 140,650 141,651 142,651 143,652 171,652 172,653 221,653 222,654 292,654 293,653 313,653 314,652 320,652 321,651 330,651 331,652 332,652 333,653 406,653 407,652 408,652 409,651 411,651 412,650 419,650 420,651 429,651 430,652 431,652 432,653 432,654 433,655 433,657 434,658 434,661 435,662 435,663 436,664 455,664 456,663 457,663 458,662 460,662 460,661 461,660 461,655 462,654 470,654 471,653 480,653 481,654 511,654 512,653 515,653 516,652 519,652 520,651 537,651 538,652 540,652 541,653 547,653 548,654 627,653 628,652 629,652 630,651 631,651 632,650 635,650 636,649 651,649 652,650 654,650 655,651 656,651 657,652 658,652 659,653 703,653 704,654 716,654 717,653 726,653 727,654 789,654 790,653 805,653 806,654 901,654 902,655 936,655 937,654 938,654 940,652 942,652 943,651 944,651 946,649 946,648 947,647 947,615 946,614 946,613 944,611 943,611 942,610 937,610 936,609 915,609 914,608 899,608 898,607 891,607 889,605 889,604 885,600 884,600 883,599 875,599 874,600 868,600 867,599 853,599 852,600 850,600 849,601 847,601 845,603 845,604 844,605 844,606 843,607 833,607 832,608 816,608 815,609 790,609 789,610 786,610 785,609 785,603 784,602 784,601 782,601 781,600 780,600 779,599 775,599 774,598 763,598 762,599 761,599 760,600 758,600 757,601 756,601 755,602 753,602 751,604 751,605 750,606 750,607 749,608 749,609 748,610 731,610 730,609 730,606 729,605 729,604 727,602 725,602 724,601 719,601 718,602 713,602 713,603 712,604 712,605 710,607 710,608 709,609 709,610 708,611 704,611 703,612 690,612 689,611 688,611 687,610 686,610 685,609 672,609 671,608 671,603 669,603 667,601 665,601 664,600 661,600 660,601 657,601 656,602 653,602 648,607 648,608 646,610 643,610 642,611 629,611 628,610 621,610 620,609 618,609 617,608 591,609 590,608 544,608 543,607 543,606 542,605 542,604 539,601 524,601 523,600 521,600 520,599 510,599 509,600 506,600 505,601 503,601 500,604 500,605 499,606 499,607 498,608 456,608 455,609 413,609 411,607 410,607 409,606 407,606 401,600 390,600 389,601 388,601 386,603 386,607 385,608 332,608 331,609 284,609 283,610 281,610 279,608 279,606 278,605 278,603 277,602 277,601 276,601 275,600 274,600 273,599 270,599 269,598 263,598 262,599 260,599 259,600 258,600 257,601 248,601 247,600 246,600 245,599 240,599 239,598 214,598 213,597"/>
                <pc:Baseline points="121,641 947,645"/>
                <pc:Word id="region0000_line0010_word0000">
                    <pc:Coords points="179,606 179,648 292,648 292,609 284,609 283,610 281,610 279,608 279,606"/>
                    <pc:TextEquiv conf="0.927280044555664">
                        <pc:Unicode>Alias</pc:Unicode>
                    </pc:TextEquiv>
                </pc:Word>
                <pc:Word id="region0000_line0010_word0001">
                    <pc:Coords points="386,604 386,607 385,608 332,608 331,609 312,609 312,645 408,645 408,606 407,606 405,604"/>
                    <pc:TextEquiv conf="0.395933227539063">
                        <pc:Unicode>verò</pc:Unicode>
                    </pc:TextEquiv>
                </pc:Word>
                <pc:Word id="region0000_line0010_word0002">
                    <pc:Coords points="500,605 500,605 499,606 499,607 498,608 456,608 455,609 426,609 426,651 429,651 430,652 431,652 432,653 432,654 433,655 433,657 434,658 461,658 461,655 462,654 470,654 471,653 480,653 481,654 511,654 512,653 515,653 516,652 519,652 520,651 537,651 538,652 540,652 541,653 547,653 548,654 627,653 628,652 629,652 630,651 631,651 632,650 633,650 633,611 629,611 628,610 621,610 620,609 618,609 617,608 591,609 590,608 544,608 543,607 543,606 542,605 542,604"/>
                    <pc:TextEquiv conf="0.583388137817383">
                        <pc:Unicode>qualítates</pc:Unicode>
                    </pc:TextEquiv>
                </pc:Word>
                <pc:Word id="region0000_line0010_word0003">
                    <pc:Coords points="654,604 654,646 882,646 882,604 845,604 844,605 844,606 843,607 833,607 832,608 816,608 815,609 790,609 789,610 786,610 785,609 785,604 751,604 751,605 750,606 750,607 749,608 749,609 748,610 731,610 730,609 730,606 729,605 729,604 712,604 712,605 710,607 710,608 709,609 709,610 708,611 704,611 703,612 690,612 689,611 688,611 687,610 686,610 685,609 672,609 671,608 671,604"/>
                    <pc:TextEquiv conf="0.382269897460937">
                        <pc:Unicode>huiuſmodí</pc:Unicode>
                    </pc:TextEquiv>
                </pc:Word>
                <pc:TextEquiv conf="0.572217826843262">
                    <pc:Unicode>Alias verò qualítates huiuſmodí</pc:Unicode>
                </pc:TextEquiv>
            </pc:TextLine>
            <pc:TextLine id="region0000_line0011">
                <pc:AlternativeImage filename="OCR-D-DEWARP/OCR-D-DEWARP_0009_region0000_region0000_line0011.IMG-DEWARP.png" comments="binarized,despeckled,binarized,dewarped"/>
                <pc:Coords points="92,648 92,707 150,707 151,708 172,708 173,707 184,707 185,708 186,708 190,712 190,713 191,714 193,714 194,715 202,715 203,714 204,714 205,713 206,713 207,712 208,712 212,708 231,708 232,707 233,707 234,706 235,706 236,705 256,705 257,706 258,706 259,707 264,707 265,708 270,708 271,707 273,707 274,706 285,706 286,707 287,707 288,708 332,708 333,707 335,707 336,706 338,706 339,705 354,705 355,706 357,706 358,707 404,707 405,706 408,706 409,705 428,705 429,706 431,706 432,707 444,707 445,708 546,708 547,709 547,713 548,714 548,715 550,715 551,716 552,716 553,717 570,717 571,716 572,716 573,715 574,715 575,714 575,709 576,708 611,707 612,706 660,706 661,707 757,707 758,708 828,708 829,707 841,707 842,706 844,706 845,705 851,705 852,704 859,704 860,705 865,705 866,706 867,706 868,707 936,707 937,706 938,706 939,705 944,705 945,704 946,704 948,702 948,701 949,700 949,668 948,667 948,666 946,664 945,664 944,663 771,663 770,662 733,662 732,661 732,659 731,658 731,657 729,655 727,655 726,654 717,654 716,655 713,655 710,658 710,659 709,660 709,661 708,662 695,662 694,661 694,659 693,658 693,657 690,654 678,654 674,658 674,659 672,661 662,661 661,660 661,657 660,656 660,655 658,653 657,653 656,652 655,652 654,651 652,651 651,650 636,650 635,651 632,651 631,652 630,652 629,653 628,653 627,654 626,654 626,655 624,657 624,658 623,659 623,660 622,661 573,662 572,663 545,663 544,662 544,656 543,655 543,654 541,654 540,653 538,653 537,652 520,652 519,653 516,653 515,654 513,654 511,656 511,657 509,659 509,660 507,662 487,662 486,661 486,659 485,658 485,657 483,655 481,655 480,654 471,654 470,655 467,655 464,658 464,659 463,660 463,661 462,662 461,662 460,663 458,663 457,664 456,664 455,665 436,665 434,663 434,662 433,661 433,658 432,657 432,655 431,654 431,653 430,653 429,652 420,652 419,651 412,651 411,652 409,652 408,653 407,653 406,654 405,654 402,657 402,658 401,659 401,661 400,662 336,662 335,661 335,655 334,654 333,654 332,653 331,653 330,652 321,652 320,653 314,653 313,654 311,654 310,655 310,656 309,657 309,661 308,662 255,662 254,661 191,661 190,660 181,660 180,661 144,661 143,660 143,653 142,652 141,652 140,651 139,651 138,650 130,650 129,649 125,649 124,648"/>
                <pc:Baseline points="92,697 949,697"/>
                <pc:Word id="region0000_line0011_word0000">
                    <pc:Coords points="101,655 101,704 396,704 396,662 336,662 335,661 335,655 310,655 310,656 309,657 309,661 308,662 255,662 254,661 191,661 190,660 181,660 180,661 144,661 143,660 143,655"/>
                    <pc:TextEquiv conf="0.555956268310547">
                        <pc:Unicode>funt,uteadem</pc:Unicode>
                    </pc:TextEquiv>
                </pc:Word>
                <pc:Word id="region0000_line0011_word0001">
                    <pc:Coords points="406,655 406,695 501,695 501,662 487,662 486,661 486,659 485,658 485,657 483,655 481,655 470,655 467,655 464,658 464,659 463,660 463,661 462,662 461,662 460,663 458,663 457,664 456,664 455,665 436,665 434,663 434,662 433,661 433,658 432,657 432,655"/>
                    <pc:TextEquiv conf="0.931260681152344">
                        <pc:Unicode>facie</pc:Unicode>
                    </pc:TextEquiv>
                </pc:Word>
                <pc:Word id="region0000_line0011_word0002">
                    <pc:Coords points="519,653 519,653 516,653 515,654 513,654 511,656 511,657 511,708 583,708 611,707 612,706 660,706 661,707 757,707 757,707 829,707 829,707 841,707 842,706 844,706 845,705 851,705 852,704 859,704 860,705 865,705 866,706 867,706 868,707 880,707 880,663 771,663 770,662 733,662 732,661 732,659 731,658 731,657 729,655 727,655 726,654 717,654 716,655 713,655 710,658 710,659 709,660 709,661 708,662 695,662 694,661 694,659 693,658 693,657 690,654 678,654 674,658 674,659 672,661 662,661 661,660 661,657 660,656 660,655 658,653 657,653 657,653 629,653 629,653 628,653 627,654 626,654 626,655 624,657 624,658 623,659 623,660 622,661 573,662 572,663 545,663 544,662 544,656 543,655 543,654 541,654 540,653 538,653 538,653"/>
                    <pc:TextEquiv conf="0.786739807128906">
                        <pc:Unicode>ſuperficielmanen</pc:Unicode>
                    </pc:TextEquiv>
                </pc:Word>
                <pc:TextEquiv conf="0.757985585530599">
                    <pc:Unicode>funt,uteadem facie ſuperficielmanen</pc:Unicode>
                </pc:TextEquiv>
            </pc:TextLine>
            <pc:TextLine id="region0000_line0012">
                <pc:AlternativeImage filename="OCR-D-DEWARP/OCR-D-DEWARP_0009_region0000_region0000_line0012.IMG-DEWARP.png" comments="binarized,despeckled,binarized,dewarped"/>
                <pc:Coords points="236,706 235,707 234,707 233,708 232,708 231,709 229,709 229,710 228,711 228,712 226,714 226,715 225,716 194,716 193,715 190,715 189,714 189,712 186,709 185,709 184,708 173,708 172,709 169,709 167,711 167,712 166,713 166,714 165,715 146,715 145,714 92,714 92,760 93,760 94,761 107,761 108,762 121,762 122,763 136,763 137,764 137,765 140,768 145,768 146,769 147,769 148,768 153,768 154,767 155,767 157,765 158,765 160,763 174,763 175,762 176,762 177,761 178,761 179,760 180,760 181,759 184,759 185,758 190,758 191,757 197,757 198,758 202,758 203,759 204,759 206,761 222,761 223,762 229,762 230,761 239,761 240,762 322,762 323,761 332,761 333,762 334,762 335,761 337,761 338,760 339,760 340,761 341,761 342,762 343,762 345,764 353,764 354,765 357,765 358,766 361,766 362,767 365,767 365,763 366,762 382,762 383,761 418,761 419,760 429,760 430,759 441,759 442,760 443,760 444,761 499,761 500,760 535,760 536,759 548,759 549,760 571,760 572,761 612,760 613,761 697,761 698,760 699,760 700,759 703,759 704,758 728,758 729,757 740,757 741,758 745,758 746,759 753,759 754,760 755,760 756,761 757,761 758,762 760,762 762,764 762,765 765,768 766,768 767,769 775,769 776,768 780,768 781,767 782,767 787,762 796,762 797,761 809,761 810,762 816,762 817,761 818,761 819,760 820,760 821,759 833,759 834,760 840,754 847,754 849,756 850,756 855,761 938,761 939,760 940,760 942,758 944,758 945,757 946,757 948,755 948,754 949,753 949,721 948,720 948,719 946,717 945,717 944,716 891,716 890,717 876,717 875,716 871,716 870,715 870,709 869,708 868,708 867,707 866,707 865,706 860,706 859,705 852,705 851,706 845,706 844,707 842,707 841,708 839,708 836,711 836,712 835,713 835,714 834,715 721,715 720,716 714,716 713,715 662,715 661,716 641,716 640,715 640,712 639,711 639,710 636,707 622,707 618,711 618,712 617,713 617,714 616,715 573,716 572,717 571,717 570,718 553,718 552,717 551,717 550,716 513,716 512,715 451,715 450,714 438,714 436,712 436,711 434,709 434,708 432,708 431,707 429,707 428,706 409,706 408,707 405,707 404,708 402,708 401,709 401,710 400,711 400,712 398,714 393,714 392,715 382,715 381,716 370,716 369,717 363,717 362,716 362,711 361,710 361,709 360,708 358,708 357,707 355,707 354,706 339,706 338,707 336,707 335,708 333,708 332,709 330,709 330,710 329,711 329,712 326,715 326,716 325,717 291,717 290,716 290,710 289,709 288,709 287,708 286,708 285,707 274,707 273,708 271,708 270,709 267,709 264,712 264,713 263,714 262,713 262,711 261,710 261,709 260,708 259,708 258,707 257,707 256,706"/>
                <pc:Baseline points="92,751 949,751"/>
                <pc:Word id="region0000_line0012_word0000">
                    <pc:Coords points="155,763 155,724 102,724 102,761 107,761 108,762 121,762 122,763 136,763"/>
                    <pc:TextEquiv conf="0.949358215332031">
                        <pc:Unicode>te,</pc:Unicode>
                    </pc:TextEquiv>
                </pc:Word>
                <pc:Word id="region0000_line0012_word0001">
                    <pc:Coords points="168,718 221,718 221,753 168,753"/>
                    <pc:TextEquiv conf="0.527393417358398">
                        <pc:Unicode>ita</pc:Unicode>
                    </pc:TextEquiv>
                </pc:Word>
                <pc:Word id="region0000_line0012_word0002">
                    <pc:Coords points="230,714 230,755 298,755 298,717 291,717 290,716 290,714 263,714"/>
                    <pc:TextEquiv conf="0.730565032958984">
                        <pc:Unicode>ſub</pc:Unicode>
                    </pc:TextEquiv>
                </pc:Word>
                <pc:Word id="region0000_line0012_word0003">
                    <pc:Coords points="327,714 326,715 326,716 325,717 308,717 308,762 322,762 323,761 332,761 333,762 334,762 335,761 337,761 338,760 339,760 340,761 341,761 342,762 343,762 345,764 353,764 354,765 357,765 358,766 361,766 365,766 365,763 366,762 382,762 383,761 418,761 419,760 429,760 430,759 441,759 442,760 443,760 444,761 463,761 463,715 451,715 450,714 438,714 398,714 393,714 392,715 382,715 381,716 370,716 369,717 363,717 362,716 362,714"/>
                    <pc:TextEquiv conf="0.762203750610352">
                        <pc:Unicode>aſpectu</pc:Unicode>
                    </pc:TextEquiv>
                </pc:Word>
                <pc:Word id="region0000_line0012_word0004">
                    <pc:Coords points="475,727 608,726 608,752 475,753"/>
                    <pc:TextEquiv conf="0.930409622192383">
                        <pc:Unicode>tamen</pc:Unicode>
                    </pc:TextEquiv>
                </pc:Word>
                <pc:Word id="region0000_line0012_word0005">
                    <pc:Coords points="619,716 619,761 697,761 698,760 699,760 700,759 703,759 704,758 728,758 729,757 740,757 741,758 745,758 746,759 753,759 754,760 755,760 756,761 757,761 758,762 760,762 787,762 796,762 797,761 809,761 810,762 816,762 817,761 818,761 819,760 820,760 821,759 829,759 829,716 720,716 714,716 661,716 641,716"/>
                    <pc:TextEquiv conf="0.369891929626465">
                        <pc:Unicode>úaceant,ut</pc:Unicode>
                    </pc:TextEquiv>
                </pc:Word>
                <pc:Word id="region0000_line0012_word0006">
                    <pc:Coords points="839,713 839,754 840,754 847,754 881,754 881,717 876,717 875,716 871,716 870,715 870,713"/>
                    <pc:TextEquiv conf="0.925078048706055">
                        <pc:Unicode>ſu</pc:Unicode>
                    </pc:TextEquiv>
                </pc:Word>
                <pc:TextEquiv conf="0.742128573826381">
                    <pc:Unicode>te, ita ſub aſpectu tamen úaceant,ut ſu</pc:Unicode>
                </pc:TextEquiv>
            </pc:TextLine>
            <pc:TextLine id="region0000_line0013">
                <pc:AlternativeImage filename="OCR-D-DEWARP/OCR-D-DEWARP_0009_region0000_region0000_line0013.IMG-DEWARP.png" comments="binarized,despeckled,binarized,dewarped"/>
                <pc:Coords points="840,755 834,761 833,760 821,760 820,761 819,761 818,762 817,762 816,763 815,763 815,764 814,765 812,763 810,763 809,762 797,762 796,763 794,763 792,765 792,766 791,767 791,768 790,769 776,769 775,770 759,770 758,769 758,763 757,762 756,762 755,761 754,761 753,760 746,760 745,759 741,759 740,758 729,758 728,759 704,759 703,760 700,760 699,761 698,761 697,762 696,762 695,763 695,767 694,768 683,768 682,769 568,770 567,771 554,771 553,770 553,764 552,763 552,762 551,761 549,761 548,760 536,760 535,761 530,761 528,763 528,764 527,765 527,769 526,770 452,770 451,769 447,769 446,768 446,763 445,762 444,762 443,761 442,761 441,760 430,760 429,761 419,761 418,762 416,762 413,765 413,766 412,767 412,768 411,769 386,769 385,770 365,770 364,769 364,768 362,768 361,767 358,767 357,766 354,766 353,765 345,765 343,763 342,763 341,762 340,762 339,761 338,761 337,762 335,762 334,763 333,763 332,762 323,762 322,763 320,763 316,767 316,768 315,769 315,770 314,771 267,771 266,770 246,770 245,769 245,767 244,766 244,765 242,763 240,763 239,762 230,762 229,763 227,763 226,764 226,765 225,766 225,769 224,770 221,770 220,769 210,769 209,768 209,764 208,763 208,762 206,762 204,760 203,760 202,759 198,759 197,758 191,758 190,759 185,759 184,760 181,760 180,761 179,761 178,762 177,762 176,763 175,763 174,764 174,765 173,766 173,767 171,769 148,769 147,770 146,770 145,769 92,769 92,823 102,823 103,824 104,824 105,823 119,823 120,822 122,822 123,821 126,821 127,820 130,820 131,819 133,819 134,818 136,818 137,817 142,817 143,816 154,816 155,815 190,815 191,814 193,814 194,813 211,813 212,812 237,812 238,813 249,813 250,814 258,814 259,815 587,815 588,814 590,814 591,813 593,812 594,811 608,811 609,812 612,812 613,813 614,813 615,814 701,814 702,813 703,813 704,812 707,812 708,811 727,811 728,812 729,812 730,813 731,813 732,814 740,814 741,815 754,815 755,814 765,814 766,815 939,815 940,814 941,814 942,813 945,813 946,812 947,812 949,810 949,809 950,808 950,776 949,775 949,774 947,772 946,772 945,771 906,771 905,770 872,770 871,769 854,769 853,768 854,767 854,766 855,765 855,762 850,757 849,757 847,755"/>
                <pc:Baseline points="92,809 950,805"/>
                <pc:Word id="region0000_line0013_word0000">
                    <pc:Coords points="179,761 178,762 177,762 176,763 175,763 174,764 174,765 173,766 173,767 171,769 148,769 147,770 146,770 145,769 102,769 102,814 191,814 193,814 194,813 211,813 212,812 237,812 238,813 249,813 250,814 258,814 277,814 277,771 267,771 266,770 246,770 245,769 245,767 244,766 244,765 242,763 240,763 239,762 230,762 229,763 227,763 226,764 226,765 225,766 225,769 224,770 221,770 220,769 210,769 209,768 209,764 208,763 208,762 206,762 205,761 180,761"/>
                    <pc:TextEquiv conf="0.848522033691406">
                        <pc:Unicode>perficies</pc:Unicode>
                    </pc:TextEquiv>
                </pc:Word>
                <pc:Word id="region0000_line0013_word0001">
                    <pc:Coords points="319,764 316,767 316,768 315,769 315,770 314,771 290,771 290,804 501,804 501,770 452,770 451,769 447,769 446,768 446,764 414,764 413,765 413,766 412,767 412,768 411,769 386,769 385,770 365,770 364,769 364,768 362,768 361,767 358,767 357,766 354,766 353,765 345,765 344,764"/>
                    <pc:TextEquiv conf="0.919357452392578">
                        <pc:Unicode>uiſentibus</pc:Unicode>
                    </pc:TextEquiv>
                </pc:Word>
                <pc:Word id="region0000_line0013_word0002">
                    <pc:Coords points="527,765 527,765 527,769 526,770 512,770 512,805 672,804 672,769 568,770 567,771 554,771 553,770 553,765"/>
                    <pc:TextEquiv conf="0.517117309570313">
                        <pc:Unicode>alierata</pc:Unicode>
                    </pc:TextEquiv>
                </pc:Word>
                <pc:Word id="region0000_line0013_word0003">
                    <pc:Coords points="684,803 755,803 755,763 695,763 695,767 694,768 684,768"/>
                    <pc:TextEquiv conf="0.191779479980469">
                        <pc:Unicode>effe</pc:Unicode>
                    </pc:TextEquiv>
                </pc:Word>
                <pc:Word id="region0000_line0013_word0004">
                    <pc:Coords points="840,755 834,761 833,760 821,760 820,761 819,761 818,762 817,762 816,763 815,763 815,764 814,765 812,763 810,763 809,762 797,762 796,763 794,763 792,765 792,766 791,767 791,768 790,769 776,769 775,770 766,770 766,804 880,804 880,770 872,770 871,769 854,769 853,768 854,767 854,766 855,765 855,762 850,757 849,757 847,755"/>
                    <pc:TextEquiv conf="0.860103149414063">
                        <pc:Unicode>uídea</pc:Unicode>
                    </pc:TextEquiv>
                </pc:Word>
                <pc:TextEquiv conf="0.667375885009766">
                    <pc:Unicode>perficies uiſentibus alierata effe uídea</pc:Unicode>
                </pc:TextEquiv>
            </pc:TextLine>
            <pc:TextLine id="region0000_line0014">
                <pc:AlternativeImage filename="OCR-D-DEWARP/OCR-D-DEWARP_0009_region0000_region0000_line0014.IMG-DEWARP.png" comments="binarized,despeckled,binarized,dewarped"/>
                <pc:Coords points="212,813 211,814 194,814 193,815 191,815 190,816 188,816 188,817 187,818 187,822 186,823 120,823 119,824 105,824 104,825 103,825 102,824 92,824 92,868 180,868 181,869 182,869 183,870 184,870 185,871 186,871 188,873 190,873 191,872 196,872 201,877 202,876 207,876 208,875 209,875 210,874 214,874 219,879 268,879 269,880 277,880 278,879 286,879 287,880 335,880 335,878 334,877 334,876 332,874 332,870 339,863 347,863 348,864 357,864 358,863 375,863 376,864 377,864 378,863 386,863 387,864 388,863 395,863 396,864 406,864 407,863 449,863 450,864 453,864 454,863 483,863 484,864 486,864 487,865 488,865 489,866 494,866 495,867 500,867 501,866 504,866 505,865 521,865 522,866 524,866 525,867 564,867 565,868 595,867 596,866 604,866 605,865 625,865 627,867 627,868 629,870 631,870 632,871 636,871 637,870 638,870 640,868 641,868 642,867 643,867 645,865 656,865 657,866 658,866 659,867 687,867 688,868 794,868 795,867 799,867 800,866 811,866 812,867 813,867 814,868 936,868 937,867 943,867 944,866 945,866 947,864 947,863 948,862 948,830 947,829 947,828 945,826 944,826 943,825 937,825 936,824 824,824 823,823 772,823 771,822 771,820 770,819 770,818 768,816 766,816 765,815 755,815 754,816 752,816 748,820 748,821 746,823 736,823 735,822 735,817 734,816 734,815 732,815 731,814 730,814 729,813 728,813 727,812 708,812 707,813 704,813 703,814 702,814 701,815 699,815 699,816 698,817 698,819 697,820 697,821 696,822 661,822 660,823 625,823 624,824 619,824 618,823 618,817 617,816 617,815 615,815 614,814 613,814 612,813 609,813 608,812 594,812 593,813 591,814 590,815 588,815 587,816 586,816 585,817 585,818 584,819 584,820 583,821 583,822 582,823 504,823 503,822 502,822 501,821 493,821 492,822 491,822 490,823 277,823 276,822 265,822 264,821 264,820 263,819 263,818 261,816 259,816 258,815 250,815 249,814 238,814 237,813"/>
                <pc:Baseline points="92,858 259,851 948,858"/>
                <pc:Word id="region0000_line0014_word0000">
                    <pc:Coords points="102,832 191,832 191,861 102,861"/>
                    <pc:TextEquiv conf="0.517931594848633">
                        <pc:Unicode>tur.</pc:Unicode>
                    </pc:TextEquiv>
                </pc:Word>
                <pc:Word id="region0000_line0014_word0001">
                    <pc:Coords points="205,819 205,875 208,875 209,875 210,874 214,874 215,875 333,875 332,874 332,870 339,863 347,863 348,864 357,864 358,863 375,863 376,864 377,864 378,863 386,863 387,864 388,863 395,863 396,864 406,864 407,863 419,863 419,823 277,823 276,822 265,822 264,821 264,820 263,819"/>
                    <pc:TextEquiv conf="0.388181343078613">
                        <pc:Unicode>Perpetuæx</pc:Unicode>
                    </pc:TextEquiv>
                </pc:Word>
                <pc:Word id="region0000_line0014_word0002">
                    <pc:Coords points="436,832 567,832 567,861 436,861"/>
                    <pc:TextEquiv conf="0.932737197875977">
                        <pc:Unicode>autem</pc:Unicode>
                    </pc:TextEquiv>
                </pc:Word>
                <pc:Word id="region0000_line0014_word0003">
                    <pc:Coords points="587,820 587,867 595,867 596,866 604,866 605,865 625,865 627,867 627,868 629,870 631,870 632,871 636,871 637,870 638,870 640,868 641,868 642,867 643,867 645,865 656,865 657,866 658,866 659,867 687,867 688,868 794,868 795,867 799,867 800,866 811,866 812,867 813,867 814,868 877,868 877,824 824,824 823,823 772,823 771,822 771,820 770,819 749,819 748,820 748,821 746,823 736,823 735,822 735,819 697,820 697,820 697,821 696,822 661,822 660,823 625,823 624,824 619,824 618,823 618,820"/>
                    <pc:TextEquiv conf="0.901509094238281">
                        <pc:Unicode>fuperficierum</pc:Unicode>
                    </pc:TextEquiv>
                </pc:Word>
                <pc:TextEquiv conf="0.685089807510376">
                    <pc:Unicode>tur. Perpetuæx autem fuperficierum</pc:Unicode>
                </pc:TextEquiv>
            </pc:TextLine>
            <pc:TextLine id="region0000_line0015">
                <pc:AlternativeImage filename="OCR-D-DEWARP/OCR-D-DEWARP_0009_region0000_region0000_line0015.IMG-DEWARP.png" comments="binarized,despeckled,binarized,dewarped"/>
                <pc:Coords points="339,864 333,870 333,874 335,876 335,877 336,878 336,880 335,881 287,881 286,880 278,880 277,881 269,881 268,880 219,880 214,875 210,875 209,876 208,876 207,877 202,877 201,878 196,873 191,873 190,874 188,874 186,872 185,872 184,871 183,871 182,870 181,870 180,869 178,871 178,872 177,873 177,876 176,877 168,877 167,876 92,876 92,921 94,921 95,922 108,922 109,923 109,927 110,928 110,929 112,929 113,930 117,930 118,931 132,931 133,930 134,930 135,929 136,929 137,928 138,928 139,927 139,923 140,922 178,922 179,921 207,921 208,922 288,922 289,923 295,923 296,924 299,924 300,925 302,925 303,926 305,926 306,927 309,927 311,929 314,929 315,930 316,930 317,931 318,931 319,932 333,932 334,931 340,931 341,930 343,930 344,929 346,929 347,928 348,928 349,927 356,927 357,926 360,926 361,925 365,925 366,924 372,924 373,923 382,923 383,922 414,922 415,921 545,921 546,920 558,920 559,921 560,920 564,920 565,919 572,919 573,920 610,919 611,920 626,920 627,921 646,921 647,922 704,922 705,923 718,923 719,924 719,928 720,929 720,930 722,930 723,931 725,931 726,932 728,932 729,931 730,931 734,927 737,927 738,926 747,926 748,925 748,924 749,923 762,923 763,922 858,922 859,921 874,921 875,922 935,922 936,921 937,921 938,920 943,920 944,919 945,919 947,917 947,916 948,915 948,883 947,882 947,881 945,879 944,879 943,878 907,878 906,877 847,877 846,876 829,876 828,875 818,875 817,874 817,871 816,870 816,869 814,869 813,868 812,868 811,867 800,867 799,868 795,868 794,869 792,869 790,871 788,869 773,869 770,872 770,873 768,875 767,875 766,876 748,876 747,877 703,877 702,878 664,878 662,876 662,870 661,869 661,868 659,868 658,867 657,867 656,866 645,866 643,868 642,868 641,869 640,869 638,871 637,871 636,872 632,872 631,871 629,871 626,868 626,867 625,866 605,866 604,867 596,867 595,868 589,869 588,870 587,870 585,872 584,872 583,873 582,873 581,874 577,874 576,875 566,875 565,876 546,876 545,877 530,877 529,876 529,871 528,870 528,869 527,868 525,868 524,867 522,867 521,866 505,866 504,867 501,867 500,868 498,868 497,869 497,870 494,873 493,872 493,870 492,869 492,868 491,867 489,867 488,866 487,866 486,865 484,865 483,864 454,864 453,865 450,865 449,864 407,864 406,865 396,865 395,864 388,864 387,865 386,864 378,864 377,865 376,865 375,864 358,864 357,865 348,865 347,864"/>
                <pc:Baseline points="92,913 948,912"/>
                <pc:Word id="region0000_line0015_word0000">
                    <pc:Coords points="101,876 101,922 108,922 109,923 109,926 139,926 139,923 140,922 178,922 179,921 207,921 208,922 288,922 289,923 295,923 296,924 299,924 300,925 302,925 303,926 305,926 306,926 306,881 287,881 286,880 278,880 277,881 269,881 268,880 219,880 215,876 209,876 208,876 207,877 202,877 201,878 199,876 177,876 176,877 168,877 167,876"/>
                    <pc:TextEquiv conf="0.382618789672852">
                        <pc:Unicode>qualitates</pc:Unicode>
                    </pc:TextEquiv>
                </pc:Word>
                <pc:Word id="region0000_line0015_word0001">
                    <pc:Coords points="488,879 336,879 336,880 335,881 315,881 315,930 316,930 341,930 343,930 344,929 346,929 347,928 348,928 349,927 356,927 357,926 360,926 361,925 365,925 366,924 372,924 373,923 382,923 383,922 414,922 415,921 488,921"/>
                    <pc:TextEquiv conf="0.880216064453125">
                        <pc:Unicode>geminæ</pc:Unicode>
                    </pc:TextEquiv>
                </pc:Word>
                <pc:Word id="region0000_line0015_word0002">
                    <pc:Coords points="498,878 595,877 595,918 498,919"/>
                    <pc:TextEquiv conf="0.777350006103516">
                        <pc:Unicode>ſunt.</pc:Unicode>
                    </pc:TextEquiv>
                </pc:Word>
                <pc:Word id="region0000_line0015_word0003">
                    <pc:Coords points="609,875 609,919 610,919 611,920 626,920 627,921 646,921 647,922 704,922 705,923 718,923 719,924 719,927 734,927 737,927 738,926 747,926 748,925 748,924 749,923 762,923 763,922 858,922 859,921 874,921 875,922 878,922 878,877 847,877 846,876 829,876 828,875 818,875 768,875 767,875 766,876 748,876 747,877 703,877 702,878 664,878 662,876 662,875"/>
                    <pc:TextEquiv conf="0.732371520996094">
                        <pc:Unicode>Vnaquídem</pc:Unicode>
                    </pc:TextEquiv>
                </pc:Word>
                <pc:TextEquiv conf="0.693139095306397">
                    <pc:Unicode>qualitates geminæ ſunt. Vnaquídem</pc:Unicode>
                </pc:TextEquiv>
            </pc:TextLine>
            <pc:TextLine id="region0000_line0016">
                <pc:AlternativeImage filename="OCR-D-DEWARP/OCR-D-DEWARP_0009_region0000_region0000_line0016.IMG-DEWARP.png" comments="binarized,despeckled,binarized,dewarped"/>
                <pc:Coords points="565,920 564,921 560,921 559,922 558,921 546,921 545,922 534,922 533,923 532,923 531,924 530,924 529,925 527,925 526,926 525,926 524,927 522,927 521,928 519,928 518,929 514,929 513,930 447,930 446,931 402,931 401,930 344,930 343,931 341,931 340,932 334,932 333,933 319,933 318,932 317,932 316,931 315,931 314,930 219,930 218,929 137,929 136,930 135,930 134,931 133,931 132,932 118,932 117,931 113,931 112,930 92,930 92,974 97,974 98,975 107,975 108,976 108,981 109,982 109,983 111,983 112,984 116,984 117,985 120,985 121,984 123,984 124,985 129,985 130,984 134,984 135,983 137,983 137,982 138,981 138,976 139,975 156,975 157,974 198,974 199,975 199,982 200,983 201,983 202,984 203,984 204,985 211,985 213,983 214,983 215,982 216,982 218,980 219,980 220,979 221,979 223,977 223,975 226,972 236,972 237,973 238,973 239,974 240,974 241,975 326,975 327,974 328,974 329,973 332,973 333,972 346,972 347,973 349,973 350,974 351,974 352,975 475,975 476,974 487,974 488,975 554,975 555,974 567,974 568,975 569,975 570,976 574,976 575,975 585,975 586,976 632,975 633,976 707,976 708,975 773,975 775,977 776,977 777,978 781,978 782,977 783,977 784,976 785,976 787,974 788,974 789,973 808,973 809,974 810,974 811,975 824,975 825,976 835,976 836,977 842,977 843,978 845,978 852,971 858,971 860,973 860,974 861,975 861,977 862,978 862,981 863,982 863,983 864,984 871,984 872,983 873,983 874,982 884,982 885,983 935,983 936,982 937,982 939,980 939,979 940,978 940,953 939,952 939,951 937,949 936,949 935,948 926,948 924,946 924,937 923,936 923,935 921,933 920,933 919,932 895,932 894,931 790,931 789,930 788,930 787,929 782,929 781,928 781,927 780,926 780,925 778,923 763,923 760,926 760,927 759,928 759,929 757,931 750,931 749,930 749,927 748,926 747,927 738,927 737,928 734,928 730,932 729,932 728,933 726,933 725,932 723,932 722,931 646,931 645,930 609,930 608,929 599,929 598,928 594,928 593,927 591,928 590,927 589,927 588,926 586,926 585,925 584,925 583,924 579,924 578,923 577,923 575,921 573,921 572,920"/>
                <pc:Baseline points="92,966 813,964 940,973"/>
                <pc:Word id="region0000_line0016_word0000">
                    <pc:Coords points="194,936 101,936 101,975 107,975 139,975 156,975 157,974 194,974"/>
                    <pc:TextEquiv conf="0.891779327392578">
                        <pc:Unicode>quæ</pc:Unicode>
                    </pc:TextEquiv>
                </pc:Word>
                <pc:Word id="region0000_line0016_word0001">
                    <pc:Coords points="277,937 208,937 208,976 223,976 223,975 226,972 236,972 237,973 238,973 239,974 240,974 241,975 277,975"/>
                    <pc:TextEquiv conf="0.93266960144043">
                        <pc:Unicode>per</pc:Unicode>
                    </pc:TextEquiv>
                </pc:Word>
                <pc:Word id="region0000_line0016_word0002">
                    <pc:Coords points="287,938 511,938 511,964 287,964"/>
                    <pc:TextEquiv conf="0.920260620117187">
                        <pc:Unicode>extremum</pc:Unicode>
                    </pc:TextEquiv>
                </pc:Word>
                <pc:Word id="region0000_line0016_word0003">
                    <pc:Coords points="530,926 530,965 646,964 646,931 645,930 609,930 608,929 599,929 598,928 594,928 593,927 591,928 590,927 589,927 588,926 586,926 586,926"/>
                    <pc:TextEquiv conf="0.802801208496094">
                        <pc:Unicode>illum</pc:Unicode>
                    </pc:TextEquiv>
                </pc:Word>
                <pc:Word id="region0000_line0016_word0004">
                    <pc:Coords points="738,927 737,928 734,928 730,932 729,932 728,933 726,933 725,932 723,932 722,931 664,931 664,972 851,972 852,971 858,971 859,972 875,972 875,931 790,931 789,930 788,930 787,929 782,929 781,928 781,927 760,927 759,928 759,929 757,931 750,931 749,930 749,927 747,927"/>
                    <pc:TextEquiv conf="0.826386184692383">
                        <pc:Unicode>ambitum,</pc:Unicode>
                    </pc:TextEquiv>
                </pc:Word>
                <pc:TextEquiv conf="0.874779388427734">
                    <pc:Unicode>quæ per extremum illum ambitum,</pc:Unicode>
                </pc:TextEquiv>
            </pc:TextLine>
            <pc:TextLine id="region0000_line0017">
                <pc:AlternativeImage filename="OCR-D-DEWARP/OCR-D-DEWARP_0009_region0000_region0000_line0017.IMG-DEWARP.png" comments="binarized,despeckled,binarized,dewarped"/>
                <pc:Coords points="226,973 224,975 224,977 221,980 220,980 219,981 218,981 216,983 215,983 214,984 213,984 211,986 204,986 203,985 202,985 201,984 135,984 134,985 130,985 129,986 124,986 123,985 121,985 120,986 117,986 116,985 112,985 111,984 92,984 92,1028 107,1028 108,1029 108,1034 109,1035 109,1036 110,1037 112,1037 113,1038 117,1038 118,1039 132,1039 133,1038 135,1038 136,1037 137,1037 139,1035 139,1029 140,1028 197,1028 198,1029 217,1029 218,1030 247,1030 248,1031 248,1036 249,1037 250,1037 251,1038 252,1038 253,1039 270,1039 271,1038 272,1038 273,1037 274,1037 275,1036 275,1031 276,1030 290,1030 291,1029 315,1029 316,1028 320,1028 321,1027 329,1027 330,1028 331,1028 332,1029 348,1029 349,1030 405,1030 406,1029 443,1029 444,1030 467,1030 468,1029 471,1029 472,1028 481,1028 482,1029 483,1029 484,1030 503,1030 504,1029 514,1029 515,1030 610,1029 611,1030 627,1030 628,1031 638,1031 639,1032 652,1032 653,1033 653,1034 655,1036 656,1036 657,1037 668,1037 669,1036 670,1036 672,1034 673,1034 675,1032 695,1032 696,1031 707,1031 708,1030 723,1030 724,1029 757,1029 758,1028 759,1028 760,1027 773,1027 774,1028 775,1028 776,1029 779,1029 780,1028 789,1028 790,1029 806,1029 807,1030 838,1030 839,1031 865,1031 866,1030 869,1030 870,1029 878,1029 879,1030 880,1030 881,1031 882,1031 883,1032 933,1032 934,1031 941,1031 942,1030 943,1030 945,1028 945,1027 946,1026 946,1003 945,1002 945,1001 943,999 942,999 941,998 932,998 931,997 898,997 897,996 894,996 893,995 893,991 892,990 892,989 890,987 889,987 888,986 883,986 882,985 864,985 862,983 862,982 861,981 861,978 860,977 860,975 859,974 859,973 858,972 852,972 846,978 846,980 849,983 848,984 843,984 842,985 838,985 837,984 814,984 813,983 813,977 812,976 811,976 810,975 809,975 808,974 789,974 788,975 787,975 785,977 784,977 783,978 782,978 781,979 780,979 779,980 779,981 777,983 735,983 734,984 613,984 612,983 592,983 591,983 591,981 590,980 590,979 588,977 586,977 585,976 575,976 574,977 570,977 569,976 568,976 567,975 555,975 554,976 550,976 548,978 548,979 547,980 547,983 546,984 525,984 524,985 515,985 514,984 501,984 500,983 493,983 492,982 492,979 491,978 491,977 490,976 488,976 487,975 476,975 475,976 471,976 468,979 468,980 467,981 467,982 466,983 448,983 447,984 427,984 426,985 397,985 396,984 396,981 395,980 395,979 392,976 380,976 379,977 378,977 374,981 374,982 373,983 373,984 372,985 361,985 360,984 360,981 359,980 359,979 356,976 352,976 351,975 350,975 349,974 347,974 346,973 333,973 332,974 329,974 328,975 327,975 326,976 324,976 323,977 323,978 322,979 322,980 321,981 321,982 319,984 260,984 259,985 246,985 245,984 245,980 244,979 244,978 243,977 243,976 241,976 240,975 239,975 238,974 237,974 236,973"/>
                <pc:Baseline points="92,1020 946,1022"/>
                <pc:Word id="region0000_line0017_word0000">
                    <pc:Coords points="188,992 101,992 101,1028 107,1028 108,1029 108,1032 139,1032 139,1029 140,1028 188,1028"/>
                    <pc:TextEquiv conf="0.95842903137207">
                        <pc:Unicode>quo</pc:Unicode>
                    </pc:TextEquiv>
                </pc:Word>
                <pc:Word id="region0000_line0017_word0001">
                    <pc:Coords points="220,980 219,981 218,981 216,983 215,983 214,984 213,984 213,1029 217,1029 218,1030 247,1030 248,1031 248,1034 275,1034 275,1031 276,1030 290,1030 291,1029 315,1029 316,1028 320,1028 321,1027 329,1027 330,1028 331,1028 332,1029 348,1029 349,1030 405,1030 406,1029 430,1029 430,984 427,984 426,985 397,985 396,984 396,981 395,980 375,980 374,981 374,982 373,983 373,984 372,985 361,985 360,984 360,981 359,980 322,980 321,981 321,982 319,984 260,984 259,985 246,985 245,984 245,980 221,980"/>
                    <pc:TextEquiv conf="0.7829248046875">
                        <pc:Unicode>ſuperficies</pc:Unicode>
                    </pc:TextEquiv>
                </pc:Word>
                <pc:Word id="region0000_line0017_word0002">
                    <pc:Coords points="467,982 467,982 466,983 452,983 452,1029 471,1029 472,1028 481,1028 482,1029 672,1028 672,984 613,984 612,983 592,983 591,983 591,981 547,982 547,983 546,984 525,984 524,985 515,985 514,984 501,984 500,983 493,983 492,982 492,982"/>
                    <pc:TextEquiv conf="0.62092399597168">
                        <pc:Unicode>claudítur</pc:Unicode>
                    </pc:TextEquiv>
                </pc:Word>
                <pc:Word id="region0000_line0017_word0003">
                    <pc:Coords points="671,984 658,984 658,1037 668,1037 669,1036 670,1036 671,1035"/>
                    <pc:TextEquiv conf="0.62092399597168">
                        <pc:Unicode>,</pc:Unicode>
                    </pc:TextEquiv>
                </pc:Word>
                <pc:Word id="region0000_line0017_word0004">
                    <pc:Coords points="852,972 846,978 846,980 849,983 848,984 843,984 842,985 838,985 837,984 814,984 813,983 813,977 812,976 811,976 810,975 809,975 808,974 789,974 788,975 787,975 785,977 784,977 783,978 782,978 781,979 780,979 779,980 779,981 777,983 735,983 734,984 686,984 686,1022 877,1022 877,985 864,985 862,983 862,982 861,981 861,978 860,977 860,975 859,974 859,973 858,972"/>
                    <pc:TextEquiv conf="0.848896408081055">
                        <pc:Unicode>noreſcat,</pc:Unicode>
                    </pc:TextEquiv>
                </pc:Word>
                <pc:TextEquiv conf="0.766419647216797">
                    <pc:Unicode>quo ſuperficies claudítur , noreſcat,</pc:Unicode>
                </pc:TextEquiv>
            </pc:TextLine>
            <pc:TextLine id="region0000_line0018">
                <pc:AlternativeImage filename="OCR-D-DEWARP/OCR-D-DEWARP_0009_region0000_region0000_line0018.IMG-DEWARP.png" comments="binarized,despeckled,binarized,dewarped"/>
                <pc:Coords points="321,1028 320,1029 316,1029 315,1030 313,1030 311,1032 310,1032 308,1030 293,1030 289,1034 289,1035 288,1036 288,1037 287,1038 273,1038 272,1039 271,1039 270,1040 253,1040 252,1039 251,1039 250,1038 218,1038 217,1037 138,1037 137,1038 136,1038 135,1039 133,1039 132,1040 118,1040 117,1039 113,1039 112,1038 92,1038 93,1082 110,1082 111,1083 111,1087 112,1088 113,1088 114,1089 115,1089 116,1090 125,1090 126,1091 131,1091 132,1090 136,1090 137,1089 138,1089 139,1088 140,1088 140,1083 141,1082 165,1082 166,1081 171,1081 172,1082 212,1082 213,1083 238,1083 239,1084 239,1090 240,1090 241,1091 242,1091 243,1092 245,1092 246,1093 264,1093 265,1092 266,1092 267,1091 269,1091 269,1090 270,1089 270,1085 271,1084 281,1084 282,1083 349,1083 353,1079 354,1079 355,1078 384,1078 385,1077 387,1077 388,1076 391,1076 392,1077 393,1077 394,1078 400,1078 401,1077 408,1077 409,1078 419,1078 420,1077 441,1077 442,1076 472,1076 473,1077 477,1077 478,1078 479,1078 480,1079 481,1079 482,1080 483,1080 485,1082 524,1082 525,1081 550,1081 551,1080 570,1080 571,1079 580,1079 581,1080 588,1080 589,1081 597,1080 598,1081 649,1081 650,1080 653,1080 654,1079 669,1079 670,1080 672,1080 673,1081 698,1081 699,1082 733,1082 734,1083 775,1083 776,1084 776,1086 777,1087 777,1088 779,1090 780,1090 781,1091 784,1091 785,1090 800,1090 801,1091 812,1091 814,1089 815,1089 816,1088 817,1088 818,1087 821,1087 822,1086 832,1086 834,1088 834,1091 836,1093 836,1094 837,1095 852,1095 853,1096 858,1096 859,1095 873,1095 874,1094 889,1094 890,1093 903,1093 904,1092 909,1092 910,1091 915,1091 916,1090 918,1090 918,1089 919,1088 919,1082 920,1081 939,1081 940,1080 941,1080 944,1077 944,1076 945,1075 944,1044 943,1043 943,1042 941,1040 940,1040 939,1039 886,1039 885,1038 885,1034 884,1033 883,1033 882,1032 881,1032 880,1031 879,1031 878,1030 870,1030 869,1031 866,1031 865,1032 863,1032 861,1034 861,1035 860,1036 860,1037 858,1039 836,1039 835,1038 818,1038 817,1037 813,1037 812,1036 812,1035 811,1034 811,1033 809,1031 807,1031 806,1030 794,1030 793,1031 792,1030 790,1030 789,1029 780,1029 779,1030 776,1030 775,1029 774,1029 773,1028 760,1028 759,1029 758,1029 757,1030 755,1030 751,1034 749,1034 748,1035 745,1035 744,1036 740,1036 739,1037 728,1037 727,1038 565,1039 564,1038 521,1038 520,1037 520,1035 519,1034 519,1033 517,1031 515,1031 514,1030 504,1030 503,1031 501,1031 499,1033 499,1034 498,1035 498,1036 496,1038 488,1038 487,1037 487,1033 486,1032 486,1031 484,1031 483,1030 482,1030 481,1029 472,1029 471,1030 468,1030 467,1031 465,1031 464,1032 464,1033 463,1034 463,1037 462,1038 437,1038 436,1039 396,1039 395,1038 336,1038 335,1037 335,1032 334,1031 334,1030 332,1030 331,1029 330,1029 329,1028"/>
                <pc:Baseline points="93,1074 944,1071"/>
                <pc:Word id="region0000_line0018_word0000">
                    <pc:Coords points="224,1047 102,1047 102,1082 110,1082 111,1083 111,1085 140,1085 140,1083 141,1082 165,1082 166,1081 171,1081 172,1082 212,1082 213,1083 224,1083"/>
                    <pc:TextEquiv conf="0.272108840942383">
                        <pc:Unicode>quem</pc:Unicode>
                    </pc:TextEquiv>
                </pc:Word>
                <pc:Word id="region0000_line0018_word0001">
                    <pc:Coords points="289,1035 289,1035 288,1036 288,1037 287,1038 273,1038 272,1039 271,1039 270,1040 253,1040 252,1039 251,1039 250,1038 234,1038 235,1083 238,1083 239,1084 239,1087 270,1087 270,1085 271,1084 281,1084 282,1083 349,1083 353,1079 354,1079 355,1078 384,1078 385,1077 387,1077 388,1076 391,1076 392,1077 393,1077 394,1078 400,1078 401,1077 408,1077 409,1078 419,1078 420,1077 441,1077 442,1076 472,1076 473,1077 477,1077 478,1078 479,1078 480,1079 481,1079 482,1080 483,1080 485,1082 524,1082 525,1081 550,1081 551,1080 570,1080 571,1079 580,1079 581,1080 588,1080 589,1081 597,1080 598,1081 602,1081 601,1039 565,1039 564,1038 521,1038 520,1037 520,1035 519,1034 499,1034 498,1035 498,1036 496,1038 488,1038 487,1037 487,1034 463,1034 463,1037 462,1038 437,1038 436,1039 396,1039 395,1038 336,1038 335,1037 335,1035"/>
                    <pc:TextEquiv conf="0.272108840942383">
                        <pc:Unicode>quidemambitum</pc:Unicode>
                    </pc:TextEquiv>
                </pc:Word>
                <pc:Word id="region0000_line0018_word0002">
                    <pc:Coords points="749,1034 748,1035 745,1035 744,1036 740,1036 739,1037 728,1037 727,1038 615,1038 616,1073 805,1073 804,1034 751,1034"/>
                    <pc:TextEquiv conf="0.88099609375">
                        <pc:Unicode>nonnulli</pc:Unicode>
                    </pc:TextEquiv>
                </pc:Word>
                <pc:Word id="region0000_line0018_word0003">
                    <pc:Coords points="814,1071 877,1071 877,1033 862,1033 861,1034 861,1035 860,1036 860,1037 858,1039 836,1039 835,1038 818,1038 817,1037 814,1037"/>
                    <pc:TextEquiv conf="0.787784805297852">
                        <pc:Unicode>ori</pc:Unicode>
                    </pc:TextEquiv>
                </pc:Word>
                <pc:TextEquiv conf="0.553249645233154">
                    <pc:Unicode>quem quidemambitum nonnulli ori</pc:Unicode>
                </pc:TextEquiv>
            </pc:TextLine>
            <pc:TextLine id="region0000_line0019">
                <pc:Coords points="388,1077 387,1078 385,1078 384,1079 355,1079 354,1080 353,1080 349,1084 349,1088 350,1089 350,1090 351,1091 350,1092 267,1092 266,1093 265,1093 264,1094 246,1094 245,1093 243,1093 242,1092 241,1092 240,1091 206,1091 205,1090 196,1090 195,1091 194,1091 193,1090 144,1090 143,1089 139,1089 138,1090 137,1090 136,1091 132,1091 131,1092 126,1092 125,1091 116,1091 115,1090 114,1090 113,1089 93,1089 93,1147 106,1147 107,1146 117,1146 118,1147 123,1147 128,1142 137,1142 142,1147 160,1147 161,1146 165,1146 166,1145 190,1145 191,1146 194,1146 195,1145 196,1146 227,1146 228,1145 229,1145 230,1146 239,1146 240,1145 241,1145 242,1146 245,1146 246,1145 253,1145 254,1146 255,1146 256,1145 257,1145 258,1146 260,1146 261,1145 263,1145 264,1146 266,1146 267,1145 270,1145 271,1144 274,1144 276,1142 276,1141 277,1140 277,1137 278,1136 309,1136 310,1135 313,1135 314,1134 323,1134 324,1135 325,1135 326,1136 328,1136 329,1137 366,1137 367,1136 380,1136 381,1137 382,1137 383,1138 410,1138 411,1139 411,1143 412,1144 413,1144 414,1145 415,1145 416,1146 421,1146 422,1147 423,1146 425,1146 427,1144 428,1144 429,1143 430,1143 432,1141 432,1140 433,1139 433,1138 434,1137 434,1136 435,1135 436,1135 437,1134 445,1134 446,1135 451,1135 452,1136 453,1136 454,1137 468,1137 469,1136 483,1136 484,1137 512,1137 513,1136 516,1136 517,1135 527,1135 528,1136 529,1136 530,1137 570,1137 571,1136 601,1135 602,1134 617,1134 618,1135 622,1135 623,1136 667,1136 668,1137 731,1137 732,1138 792,1138 793,1139 796,1139 797,1140 800,1140 801,1139 814,1139 815,1138 840,1138 841,1137 863,1137 864,1136 884,1136 885,1135 922,1135 923,1136 936,1136 937,1137 960,1137 961,1138 962,1138 963,1139 972,1139 973,1138 1005,1138 1006,1139 1013,1139 1014,1140 1015,1140 1016,1141 1024,1141 1025,1140 1050,1140 1050,1096 1044,1096 1043,1095 1011,1095 1010,1094 981,1094 980,1093 962,1093 961,1092 961,1090 960,1089 960,1088 959,1087 959,1086 957,1084 956,1084 955,1083 954,1083 953,1082 945,1082 944,1083 943,1083 937,1089 937,1090 936,1091 916,1091 915,1092 910,1092 909,1093 904,1093 903,1094 890,1094 889,1095 874,1095 873,1096 859,1096 858,1097 853,1097 852,1096 837,1096 835,1094 835,1093 833,1091 833,1088 832,1087 822,1087 821,1088 818,1088 817,1089 816,1089 815,1090 814,1090 812,1092 797,1092 796,1091 785,1091 784,1092 721,1092 719,1090 719,1088 718,1087 718,1086 716,1084 715,1084 714,1083 699,1083 698,1082 673,1082 672,1081 670,1081 669,1080 654,1080 653,1081 650,1081 649,1082 641,1082 639,1084 639,1085 638,1086 638,1090 637,1091 606,1091 605,1090 605,1086 604,1085 604,1084 602,1082 598,1082 597,1081 589,1082 588,1081 581,1081 580,1080 571,1080 570,1081 551,1081 550,1082 525,1082 524,1083 517,1083 516,1084 515,1084 514,1085 513,1085 510,1088 509,1088 508,1089 505,1089 504,1090 499,1090 498,1091 487,1091 486,1092 484,1092 483,1091 484,1090 484,1089 485,1088 485,1083 483,1081 482,1081 481,1080 480,1080 479,1079 478,1079 477,1078 473,1078 472,1077 442,1077 441,1078 420,1078 419,1079 409,1079 408,1078 401,1078 400,1079 394,1079 393,1078 392,1078 391,1077"/>
                <pc:Baseline points="93,1135 163,1126 1050,1130"/>
                <pc:Word id="region0000_line0019_word0000">
                    <pc:Coords points="104,1099 270,1099 270,1127 104,1127"/>
                    <pc:TextEquiv conf="0.502086639404297">
                        <pc:Unicode>Zzontem</pc:Unicode>
                    </pc:TextEquiv>
                </pc:Word>
                <pc:Word id="region0000_line0019_word0001">
                    <pc:Coords points="351,1082 349,1084 349,1088 350,1089 350,1090 351,1091 350,1092 282,1092 282,1136 309,1136 310,1135 313,1135 314,1134 323,1134 324,1135 325,1135 326,1136 328,1136 329,1137 366,1137 367,1136 380,1136 381,1137 382,1137 383,1138 410,1138 411,1139 411,1141 432,1141 432,1140 433,1139 433,1138 434,1137 434,1136 435,1135 436,1135 437,1134 445,1134 446,1135 451,1135 452,1136 453,1136 454,1137 468,1137 469,1136 483,1136 484,1137 512,1137 513,1136 516,1136 517,1135 527,1135 528,1136 529,1136 529,1082 525,1082 524,1083 517,1083 516,1084 515,1084 514,1085 513,1085 510,1088 509,1088 508,1089 505,1089 504,1090 499,1090 498,1091 487,1091 486,1092 484,1092 483,1091 484,1090 484,1089 485,1088 485,1083 484,1082"/>
                    <pc:TextEquiv conf="0.085332489013672">
                        <pc:Unicode>nuncupanc.</pc:Unicode>
                    </pc:TextEquiv>
                </pc:Word>
                <pc:Word id="region0000_line0019_word0002">
                    <pc:Coords points="542,1087 542,1128 634,1127 634,1091 606,1091 605,1090 605,1086"/>
                    <pc:TextEquiv conf="0.931531829833984">
                        <pc:Unicode>Nos</pc:Unicode>
                    </pc:TextEquiv>
                </pc:Word>
                <pc:Word id="region0000_line0019_word0003">
                    <pc:Coords points="647,1087 647,1136 667,1136 668,1137 731,1137 810,1137 810,1092 797,1092 796,1091 785,1091 784,1092 721,1092 719,1090 719,1088 718,1087"/>
                    <pc:TextEquiv conf="0.74853401184082">
                        <pc:Unicode>filiceat,</pc:Unicode>
                    </pc:TextEquiv>
                </pc:Word>
                <pc:Word id="region0000_line0019_word0004">
                    <pc:Coords points="821,1088 821,1127 875,1127 875,1095 874,1095 873,1096 859,1096 858,1097 853,1097 852,1096 837,1096 835,1094 835,1093 833,1091 833,1088"/>
                    <pc:TextEquiv conf="0.867556762695312">
                        <pc:Unicode>la-</pc:Unicode>
                    </pc:TextEquiv>
                </pc:Word>
                <pc:Word id="region0000_line0019_word0005">
                    <pc:Coords points="916,1091 915,1092 910,1092 909,1093 904,1093 903,1094 896,1094 896,1133 1028,1133 1028,1095 1011,1095 1010,1094 981,1094 980,1093 962,1093 961,1092 961,1091 936,1091"/>
                    <pc:TextEquiv conf="0.882811813354492">
                        <pc:Unicode>orizon,</pc:Unicode>
                    </pc:TextEquiv>
                </pc:Word>
                <pc:TextEquiv conf="0.66964225769043">
                    <pc:Unicode>Zzontem nuncupanc. Nos filiceat, la- orizon,</pc:Unicode>
                </pc:TextEquiv>
            </pc:TextLine>
            <pc:TextLine id="region0000_line0020">
                <pc:AlternativeImage filename="OCR-D-DEWARP/OCR-D-DEWARP_0009_region0000_region0000_line0020.IMG-DEWARP.png" comments="binarized,despeckled,binarized,dewarped"/>
                <pc:Coords points="314,1135 313,1136 310,1136 309,1137 307,1137 304,1140 304,1141 303,1142 303,1144 302,1145 271,1145 270,1146 267,1146 266,1147 264,1147 263,1146 261,1146 260,1147 258,1147 257,1146 256,1146 255,1147 254,1147 253,1146 246,1146 245,1147 242,1147 241,1146 240,1146 239,1147 230,1147 229,1146 228,1146 227,1147 196,1147 195,1146 194,1147 191,1147 190,1146 166,1146 165,1147 161,1147 160,1148 142,1148 137,1143 128,1143 123,1148 118,1148 117,1147 107,1147 106,1148 93,1148 93,1188 147,1188 148,1189 206,1189 207,1188 210,1188 211,1187 220,1187 221,1188 234,1188 235,1189 236,1189 237,1190 287,1190 288,1191 409,1191 410,1190 569,1190 570,1191 644,1190 645,1189 653,1189 654,1188 656,1188 657,1189 660,1189 661,1190 687,1190 688,1191 706,1191 707,1192 707,1197 708,1198 709,1198 710,1199 711,1199 712,1200 714,1200 715,1201 731,1201 732,1200 733,1200 734,1199 736,1199 736,1198 737,1197 737,1192 738,1191 755,1191 756,1190 766,1190 767,1191 812,1191 813,1190 818,1190 819,1189 822,1189 823,1188 833,1188 834,1189 835,1189 836,1190 886,1190 887,1189 911,1189 912,1188 934,1188 935,1187 1025,1187 1026,1186 1027,1186 1029,1184 1029,1183 1030,1182 1030,1153 1029,1152 1029,1151 1027,1149 1026,1149 1025,1148 977,1148 976,1147 959,1147 958,1146 947,1146 946,1145 937,1145 936,1144 919,1144 918,1143 915,1143 914,1142 901,1142 900,1143 899,1143 898,1144 871,1144 870,1145 858,1145 857,1146 815,1146 814,1145 814,1140 801,1140 800,1141 797,1141 796,1140 793,1140 792,1139 790,1139 790,1140 789,1141 789,1145 788,1146 759,1146 758,1145 641,1145 640,1144 640,1143 639,1142 639,1141 638,1140 638,1139 636,1137 621,1137 620,1136 618,1136 617,1135 602,1135 601,1136 599,1136 596,1139 596,1140 595,1141 595,1143 594,1144 551,1145 550,1144 550,1142 549,1141 549,1140 547,1138 530,1138 529,1137 528,1137 527,1136 517,1136 516,1137 513,1137 512,1138 502,1138 498,1142 498,1143 497,1144 497,1145 496,1146 471,1146 470,1147 462,1147 461,1146 461,1143 460,1142 460,1141 458,1139 457,1139 456,1138 454,1138 453,1137 452,1137 451,1136 446,1136 445,1135 437,1135 436,1136 435,1136 435,1137 434,1138 434,1139 433,1140 433,1141 430,1144 429,1144 428,1145 427,1145 425,1147 423,1147 422,1148 421,1147 416,1147 415,1146 414,1146 413,1145 401,1145 400,1144 386,1144 385,1143 385,1140 384,1139 383,1139 382,1138 381,1138 380,1137 367,1137 366,1138 362,1138 359,1141 359,1142 357,1144 356,1144 355,1145 330,1145 329,1144 329,1139 328,1138 328,1137 326,1137 325,1136 324,1136 323,1135"/>
                <pc:Baseline points="93,1178 1030,1177"/>
                <pc:Word id="region0000_line0020_word0000">
                    <pc:Coords points="127,1144 123,1148 118,1148 117,1147 107,1147 106,1148 104,1148 104,1180 194,1180 194,1147 191,1147 190,1146 166,1146 165,1147 161,1147 160,1148 142,1148 138,1144"/>
                    <pc:TextEquiv conf="0.931585159301758">
                        <pc:Unicode>tino</pc:Unicode>
                    </pc:TextEquiv>
                </pc:Word>
                <pc:Word id="region0000_line0020_word0001">
                    <pc:Coords points="303,1142 303,1144 302,1145 271,1145 270,1146 267,1146 266,1147 264,1147 263,1146 261,1146 260,1147 258,1147 257,1146 256,1146 255,1147 254,1147 253,1146 246,1146 245,1147 242,1147 241,1146 240,1146 239,1147 230,1147 229,1146 228,1146 227,1147 214,1147 214,1181 409,1181 409,1145 401,1145 400,1144 386,1144 385,1143 385,1142 359,1142 357,1144 356,1144 355,1145 330,1145 329,1144 329,1142"/>
                    <pc:TextEquiv conf="0.907923355102539">
                        <pc:Unicode>uocabulo</pc:Unicode>
                    </pc:TextEquiv>
                </pc:Word>
                <pc:Word id="region0000_line0020_word0002">
                    <pc:Coords points="433,1141 433,1141 430,1144 429,1144 428,1145 427,1145 427,1181 684,1180 684,1145 641,1145 640,1144 640,1143 639,1142 639,1141 638,1140 596,1140 595,1141 595,1143 594,1144 551,1145 550,1144 550,1142 549,1141 549,1141 499,1141 498,1142 498,1143 497,1144 497,1145 496,1146 471,1146 470,1147 462,1147 461,1146 461,1143 460,1142 460,1141 460,1141"/>
                    <pc:TextEquiv conf="0.05094612121582">
                        <pc:Unicode>ſimilitudine</pc:Unicode>
                    </pc:TextEquiv>
                </pc:Word>
                <pc:Word id="region0000_line0020_word0003">
                    <pc:Coords points="789,1141 789,1145 788,1146 759,1146 758,1145 702,1145 702,1191 706,1191 707,1192 707,1193 737,1193 737,1192 738,1191 755,1191 756,1190 766,1190 767,1191 812,1191 813,1190 818,1190 819,1189 822,1189 823,1188 833,1188 834,1189 835,1189 836,1190 875,1190 875,1144 871,1144 870,1145 858,1145 857,1146 815,1146 814,1145 814,1141 800,1141 797,1141"/>
                    <pc:TextEquiv conf="0.924599914550781">
                        <pc:Unicode>quadam</pc:Unicode>
                    </pc:TextEquiv>
                </pc:Word>
                <pc:Word id="region0000_line0020_word0004">
                    <pc:Coords points="895,1149 967,1149 967,1177 895,1177"/>
                    <pc:TextEquiv conf="0.541636352539063">
                        <pc:Unicode>Ora.</pc:Unicode>
                    </pc:TextEquiv>
                </pc:Word>
                <pc:TextEquiv conf="0.671338180541992">
                    <pc:Unicode>tino uocabulo ſimilitudine quadam Ora.</pc:Unicode>
                </pc:TextEquiv>
            </pc:TextLine>
            <pc:TextLine id="region0000_line0021">
                <pc:AlternativeImage filename="OCR-D-DEWARP/OCR-D-DEWARP_0009_region0000_region0000_line0021.IMG-DEWARP.png" comments="binarized,despeckled,binarized,dewarped"/>
                <pc:Coords points="211,1188 210,1189 207,1189 206,1190 202,1190 200,1192 200,1193 199,1194 199,1196 198,1197 195,1197 194,1198 102,1198 101,1199 93,1199 93,1244 98,1244 99,1243 100,1243 101,1242 106,1242 107,1241 113,1241 114,1242 117,1242 118,1243 119,1243 122,1246 122,1247 123,1248 123,1249 124,1250 125,1250 126,1251 127,1251 128,1252 134,1252 135,1253 138,1253 139,1252 143,1252 144,1251 146,1251 147,1250 147,1249 148,1248 148,1246 149,1245 150,1245 151,1246 151,1248 152,1249 152,1250 154,1252 156,1252 157,1253 172,1253 173,1252 174,1252 175,1251 177,1251 177,1250 178,1249 178,1246 179,1245 185,1245 186,1244 201,1244 202,1243 209,1243 210,1242 211,1242 212,1241 215,1241 216,1240 233,1240 234,1241 235,1241 237,1243 248,1243 249,1244 275,1244 276,1243 288,1243 289,1244 290,1244 291,1245 300,1245 301,1246 306,1246 307,1247 308,1247 311,1250 312,1250 313,1251 314,1251 315,1252 320,1252 321,1253 322,1252 323,1252 324,1251 326,1251 327,1250 328,1250 329,1249 337,1249 338,1250 340,1250 344,1254 372,1254 373,1255 387,1255 388,1254 408,1254 409,1253 421,1253 422,1252 426,1252 429,1249 430,1249 431,1248 432,1248 433,1247 452,1247 453,1246 466,1246 467,1247 468,1247 469,1248 470,1248 471,1249 472,1249 475,1252 478,1252 479,1251 492,1251 493,1250 494,1250 495,1249 496,1249 497,1248 499,1248 500,1247 509,1247 510,1248 511,1248 512,1249 519,1249 520,1248 524,1248 525,1247 526,1247 527,1246 528,1246 529,1245 530,1245 532,1243 543,1243 544,1244 545,1244 547,1246 555,1246 556,1245 571,1245 572,1244 580,1244 581,1243 587,1243 588,1242 599,1241 600,1242 600,1243 602,1245 603,1245 604,1246 607,1246 608,1247 609,1246 612,1246 613,1245 616,1245 617,1244 618,1244 619,1243 625,1243 626,1244 678,1244 679,1243 680,1243 681,1242 683,1242 684,1241 700,1241 701,1242 703,1242 704,1243 708,1243 709,1242 719,1242 720,1243 722,1243 723,1242 726,1242 727,1241 728,1241 729,1240 730,1240 731,1239 743,1239 744,1240 746,1240 747,1241 749,1241 750,1242 751,1242 752,1243 790,1243 791,1242 804,1242 805,1243 870,1243 871,1242 968,1242 969,1243 979,1243 980,1242 981,1243 1016,1243 1017,1244 1050,1244 1050,1205 1044,1205 1043,1204 1029,1204 1028,1203 1019,1203 1018,1202 1017,1202 1016,1201 1005,1201 1004,1200 1004,1197 1003,1196 1003,1195 1001,1193 1000,1193 999,1192 988,1192 987,1193 986,1193 983,1196 983,1197 982,1198 982,1201 981,1202 978,1202 977,1201 973,1201 972,1200 972,1197 971,1196 971,1195 968,1192 967,1192 966,1191 954,1191 953,1192 952,1192 949,1195 949,1196 948,1197 948,1199 946,1201 941,1201 940,1200 935,1200 933,1198 933,1197 930,1194 929,1194 928,1193 919,1193 918,1194 917,1194 913,1198 895,1198 894,1199 874,1199 873,1200 859,1200 857,1198 857,1195 856,1194 856,1193 854,1191 836,1191 835,1190 834,1190 833,1189 823,1189 822,1190 819,1190 818,1191 816,1191 814,1193 814,1194 813,1195 813,1197 812,1198 805,1198 804,1199 772,1199 771,1198 771,1195 770,1194 770,1193 769,1192 767,1192 766,1191 756,1191 755,1192 753,1192 752,1193 751,1193 748,1196 748,1197 745,1200 734,1200 733,1201 732,1201 731,1202 715,1202 714,1201 712,1201 711,1200 710,1200 709,1199 686,1199 685,1198 671,1198 670,1197 665,1197 664,1196 664,1193 663,1192 663,1191 661,1191 660,1190 657,1190 656,1189 654,1189 653,1190 645,1190 644,1191 642,1191 641,1192 641,1193 640,1194 640,1196 639,1197 581,1198 580,1199 549,1199 548,1200 516,1200 515,1201 512,1201 511,1200 510,1200 509,1199 500,1199 499,1200 498,1200 497,1201 435,1201 434,1200 264,1200 263,1199 247,1199 246,1198 240,1198 239,1197 239,1192 238,1191 237,1191 236,1190 235,1190 234,1189 221,1189 220,1188"/>
                <pc:Baseline points="93,1234 276,1233 355,1242 572,1234 1050,1234"/>
                <pc:Word id="region0000_line0021_word0000">
                    <pc:Coords points="200,1193 199,1194 199,1196 198,1197 195,1197 194,1198 102,1198 102,1242 106,1242 107,1241 113,1241 114,1242 117,1242 118,1243 119,1243 121,1245 149,1245 150,1245 179,1245 185,1245 186,1244 201,1244 202,1243 209,1243 210,1242 211,1242 212,1241 215,1241 216,1240 233,1240 234,1241 235,1241 237,1243 248,1243 249,1244 275,1244 276,1243 288,1243 289,1244 290,1244 291,1245 300,1245 510,1245 510,1200 509,1199 500,1199 499,1200 498,1200 497,1201 435,1201 434,1200 264,1200 263,1199 247,1199 246,1198 240,1198 239,1197 239,1193"/>
                    <pc:TextEquiv conf="0.209795989990234">
                        <pc:Unicode>appellemu1s</pc:Unicode>
                    </pc:TextEquiv>
                </pc:Word>
                <pc:Word id="region0000_line0021_word0001">
                    <pc:Coords points="461,1201 435,1201 434,1200 368,1200 368,1249 429,1249 430,1249 431,1248 432,1248 433,1247 452,1247 453,1246 461,1246"/>
                    <pc:TextEquiv conf="0.922019882202148">
                        <pc:Unicode>oram</pc:Unicode>
                    </pc:TextEquiv>
                </pc:Word>
                <pc:Word id="region0000_line0021_word0002">
                    <pc:Coords points="506,1199 500,1199 499,1200 498,1200 497,1201 486,1201 486,1249 495,1249 496,1249 497,1248 499,1248 500,1247 506,1247"/>
                    <pc:TextEquiv conf="0.930146713256836">
                        <pc:Unicode>:</pc:Unicode>
                    </pc:TextEquiv>
                </pc:Word>
                <pc:Word id="region0000_line0021_word0003">
                    <pc:Coords points="529,1204 615,1203 615,1240 529,1241"/>
                    <pc:TextEquiv conf="0.703484802246094">
                        <pc:Unicode>auc,</pc:Unicode>
                    </pc:TextEquiv>
                </pc:Word>
                <pc:Word id="region0000_line0021_word0004">
                    <pc:Coords points="640,1194 640,1196 639,1197 635,1197 635,1233 732,1233 732,1201 731,1202 715,1202 714,1201 712,1201 711,1200 710,1200 709,1199 686,1199 685,1198 671,1198 670,1197 665,1197 664,1196 664,1194"/>
                    <pc:TextEquiv conf="0.929447174072266">
                        <pc:Unicode>dum</pc:Unicode>
                    </pc:TextEquiv>
                </pc:Word>
                <pc:Word id="region0000_line0021_word0005">
                    <pc:Coords points="751,1197 751,1232 804,1232 804,1199 772,1199 771,1198 771,1197"/>
                    <pc:TextEquiv conf="0.370231819152832">
                        <pc:Unicode>íca</pc:Unicode>
                    </pc:TextEquiv>
                </pc:Word>
                <pc:Word id="region0000_line0021_word0006">
                    <pc:Coords points="821,1194 821,1232 874,1232 874,1199 873,1200 859,1200 857,1198 857,1195 856,1194"/>
                    <pc:TextEquiv conf="0.766294631958008">
                        <pc:Unicode>li-</pc:Unicode>
                    </pc:TextEquiv>
                </pc:Word>
                <pc:Word id="region0000_line0021_word0007">
                    <pc:Coords points="895,1198 895,1233 1024,1233 1024,1203 1019,1203 1018,1202 1017,1202 1016,1201 1005,1201 1004,1200 1004,1198 982,1198 982,1201 981,1202 978,1202 977,1201 973,1201 972,1200 972,1198 948,1198 948,1199 946,1201 941,1201 940,1200 935,1200 933,1198 913,1198"/>
                    <pc:TextEquiv conf="0.691818237304688">
                        <pc:Unicode>Fimbrie</pc:Unicode>
                    </pc:TextEquiv>
                </pc:Word>
                <pc:TextEquiv conf="0.690404906272888">
                    <pc:Unicode>appellemu1s oram : auc, dum íca li- Fimbrie</pc:Unicode>
                </pc:TextEquiv>
            </pc:TextLine>
            <pc:TextLine id="region0000_line0022">
                <pc:AlternativeImage filename="OCR-D-DEWARP/OCR-D-DEWARP_0009_region0000_region0000_line0022.IMG-DEWARP.png" comments="binarized,despeckled,binarized,dewarped"/>
                <pc:Coords points="216,1241 215,1242 212,1242 211,1243 210,1243 209,1244 208,1244 206,1246 206,1247 204,1249 204,1250 202,1252 191,1252 190,1251 182,1251 181,1252 175,1252 174,1253 173,1253 172,1254 157,1254 156,1253 154,1253 153,1252 144,1252 143,1253 139,1253 138,1254 135,1254 134,1253 128,1253 127,1252 126,1252 125,1251 124,1251 123,1250 122,1250 121,1249 121,1246 119,1244 118,1244 117,1243 114,1243 113,1242 107,1242 106,1243 101,1243 100,1244 99,1244 98,1245 96,1245 95,1246 95,1247 93,1249 93,1297 141,1297 142,1298 160,1298 161,1299 187,1299 189,1301 189,1302 191,1304 196,1304 197,1305 204,1305 205,1304 206,1304 209,1301 209,1300 210,1299 240,1299 241,1298 306,1298 307,1299 317,1299 318,1298 322,1298 323,1297 333,1297 334,1298 335,1298 336,1299 392,1299 393,1300 404,1300 405,1301 489,1301 490,1300 504,1300 505,1299 532,1299 533,1300 532,1301 532,1307 534,1309 535,1309 536,1310 537,1310 538,1311 541,1311 542,1312 543,1311 553,1311 554,1310 558,1310 559,1309 560,1309 562,1307 562,1301 564,1299 580,1299 581,1298 585,1298 586,1297 596,1296 597,1297 598,1297 599,1298 638,1298 639,1299 639,1304 640,1305 641,1305 642,1306 643,1306 644,1307 646,1307 647,1308 648,1308 650,1306 651,1306 653,1304 656,1304 657,1303 661,1303 662,1302 662,1301 664,1299 664,1298 666,1296 670,1296 673,1293 675,1293 676,1292 696,1292 697,1293 712,1293 713,1294 714,1294 715,1295 716,1295 718,1297 727,1297 728,1296 729,1296 730,1295 732,1295 733,1294 740,1294 741,1293 744,1293 745,1294 792,1294 793,1295 795,1295 796,1296 797,1296 798,1297 804,1297 805,1298 833,1298 834,1299 847,1299 848,1298 859,1298 860,1299 876,1299 877,1300 936,1300 937,1299 940,1299 941,1298 942,1298 944,1296 944,1295 945,1294 945,1262 944,1261 944,1260 942,1258 941,1258 940,1257 927,1257 926,1256 908,1256 907,1255 888,1255 887,1254 863,1254 862,1253 862,1249 861,1248 861,1247 859,1245 858,1245 857,1244 845,1244 844,1245 843,1245 840,1248 840,1249 839,1250 839,1251 837,1253 810,1253 809,1252 809,1248 808,1247 808,1246 807,1245 807,1244 805,1244 804,1243 791,1243 790,1244 787,1244 784,1247 784,1248 783,1249 783,1252 782,1253 756,1253 755,1252 755,1247 754,1246 754,1245 753,1244 752,1244 751,1243 750,1243 749,1242 747,1242 746,1241 744,1241 743,1240 731,1240 730,1241 729,1241 728,1242 727,1242 726,1243 723,1243 722,1244 721,1244 718,1247 718,1248 717,1249 717,1250 716,1251 716,1252 715,1253 709,1253 708,1252 708,1247 707,1246 707,1245 706,1244 704,1244 703,1243 701,1243 700,1242 684,1242 683,1243 681,1243 680,1244 679,1244 678,1245 676,1245 674,1247 674,1248 673,1249 673,1250 671,1252 658,1252 657,1251 654,1251 652,1249 652,1248 649,1245 626,1245 625,1244 619,1244 618,1245 617,1245 616,1246 613,1246 612,1247 609,1247 608,1248 607,1247 604,1247 603,1246 602,1246 599,1243 599,1242 588,1243 587,1244 581,1244 580,1245 572,1245 571,1246 565,1246 564,1247 563,1247 562,1248 561,1248 559,1250 557,1250 556,1251 553,1251 552,1252 548,1252 547,1251 547,1247 545,1245 544,1245 543,1244 532,1244 530,1246 529,1246 528,1247 527,1247 526,1248 525,1248 525,1250 524,1251 524,1252 523,1253 515,1253 514,1252 514,1250 512,1250 511,1249 510,1249 509,1248 500,1248 499,1249 497,1249 496,1250 495,1250 494,1251 493,1251 492,1252 491,1252 490,1253 488,1253 487,1254 476,1254 472,1250 471,1250 470,1249 469,1249 468,1248 467,1248 466,1247 453,1247 452,1248 433,1248 432,1249 431,1249 430,1250 429,1250 426,1253 426,1254 425,1255 388,1255 387,1256 373,1256 372,1255 344,1255 340,1251 338,1251 337,1250 329,1250 328,1251 327,1251 326,1252 324,1252 323,1253 322,1253 321,1254 320,1253 294,1253 293,1252 293,1247 292,1246 291,1246 290,1245 289,1245 288,1244 276,1244 275,1245 271,1245 268,1248 268,1249 267,1250 267,1252 266,1253 242,1253 241,1252 241,1248 240,1247 240,1246 238,1244 237,1244 235,1242 234,1242 233,1241"/>
                <pc:Baseline points="93,1287 945,1290"/>
                <pc:Word id="region0000_line0022_word0000">
                    <pc:Coords points="103,1250 103,1297 141,1297 142,1298 160,1298 161,1299 187,1299 189,1301 209,1301 209,1300 210,1299 240,1299 241,1298 306,1298 307,1299 317,1299 318,1298 322,1298 323,1297 333,1297 334,1298 335,1298 336,1299 392,1299 393,1300 404,1300 405,1301 416,1301 416,1255 388,1255 387,1256 373,1256 372,1255 344,1255 340,1251 338,1251 337,1250 329,1250 328,1251 327,1251 326,1252 324,1252 323,1253 322,1253 321,1254 320,1253 294,1253 293,1252 293,1250 267,1250 267,1252 266,1253 242,1253 241,1252 241,1250 204,1250 202,1252 191,1252 190,1251 182,1251 181,1252 175,1252 174,1253 173,1253 172,1254 157,1254 156,1253 154,1253 153,1252 144,1252 143,1253 139,1253 138,1254 135,1254 134,1253 128,1253 127,1252 126,1252 125,1251 124,1251 123,1250 122,1250"/>
                    <pc:TextEquiv conf="0.891085968017578">
                        <pc:Unicode>beat,fimbriam.</pc:Unicode>
                    </pc:TextEquiv>
                </pc:Word>
                <pc:Word id="region0000_line0022_word0001">
                    <pc:Coords points="434,1251 434,1301 489,1301 490,1300 504,1300 505,1299 532,1299 533,1300 532,1301 532,1307 534,1309 535,1309 536,1310 537,1310 554,1310 558,1310 559,1309 560,1309 562,1307 562,1301 564,1299 565,1299 565,1251 556,1251 553,1251 552,1252 548,1252 547,1251 524,1251 524,1252 523,1253 515,1253 514,1252 514,1251 494,1251 493,1251 492,1252 491,1252 490,1253 488,1253 487,1254 476,1254 473,1251"/>
                    <pc:TextEquiv conf="0.387766265869141">
                        <pc:Unicode>Eritéz</pc:Unicode>
                    </pc:TextEquiv>
                </pc:Word>
                <pc:Word id="region0000_line0022_word0002">
                    <pc:Coords points="578,1253 621,1252 621,1292 578,1293"/>
                    <pc:TextEquiv conf="0.916393814086914">
                        <pc:Unicode>&amp;</pc:Unicode>
                    </pc:TextEquiv>
                </pc:Word>
                <pc:Word id="region0000_line0022_word0003">
                    <pc:Coords points="632,1251 632,1298 638,1298 639,1299 639,1304 640,1305 641,1305 652,1305 653,1304 656,1304 657,1303 661,1303 662,1302 662,1301 664,1299 664,1298 666,1296 670,1296 673,1293 675,1293 676,1292 696,1292 697,1293 712,1293 712,1253 709,1253 708,1252 708,1251 672,1251 671,1252 658,1252 657,1251 654,1251"/>
                    <pc:TextEquiv conf="0.216734924316406">
                        <pc:Unicode>ipf</pc:Unicode>
                    </pc:TextEquiv>
                </pc:Word>
                <pc:Word id="region0000_line0022_word0004">
                    <pc:Coords points="721,1248 721,1293 741,1293 744,1293 878,1293 878,1254 863,1254 862,1253 862,1249 861,1248 840,1248 840,1249 839,1250 839,1251 837,1253 810,1253 809,1252 809,1248 784,1248 783,1249 783,1252 782,1253 756,1253 755,1252 755,1248"/>
                    <pc:TextEquiv conf="0.602569541931152">
                        <pc:Unicode>fimbria</pc:Unicode>
                    </pc:TextEquiv>
                </pc:Word>
                <pc:TextEquiv conf="0.602910102844238">
                    <pc:Unicode>beat,fimbriam. Eritéz &amp; ipf fimbria</pc:Unicode>
                </pc:TextEquiv>
            </pc:TextLine>
            <pc:TextLine id="region0000_line0023">
                <pc:AlternativeImage filename="OCR-D-DEWARP/OCR-D-DEWARP_0009_region0000_region0000_line0023.IMG-DEWARP.png" comments="binarized,despeckled,binarized,dewarped"/>
                <pc:Coords points="676,1293 675,1294 673,1294 670,1297 666,1297 665,1298 665,1299 663,1301 663,1302 661,1304 657,1304 656,1305 653,1305 651,1307 650,1307 648,1309 647,1309 646,1308 644,1308 643,1307 642,1307 641,1306 602,1306 601,1305 601,1300 600,1299 599,1299 598,1298 597,1298 596,1297 586,1298 585,1299 581,1299 580,1300 578,1300 576,1302 576,1303 575,1304 575,1307 574,1308 562,1308 560,1310 559,1310 558,1311 554,1311 553,1312 543,1312 542,1313 541,1312 538,1312 537,1311 536,1311 535,1310 534,1310 532,1308 530,1308 529,1307 520,1307 519,1308 481,1308 480,1309 459,1309 458,1310 446,1310 445,1311 444,1311 443,1310 432,1310 431,1309 394,1309 393,1308 367,1308 366,1307 357,1307 356,1306 356,1304 355,1303 355,1302 353,1300 339,1300 338,1301 337,1300 336,1300 335,1299 334,1299 333,1298 323,1298 322,1299 318,1299 317,1300 314,1300 312,1302 312,1303 311,1304 311,1305 310,1306 282,1306 281,1307 269,1307 268,1306 268,1303 267,1302 267,1301 265,1299 251,1299 249,1301 248,1301 245,1304 245,1305 243,1307 231,1307 230,1306 197,1306 196,1305 93,1305 93,1350 179,1350 180,1349 181,1349 182,1348 184,1348 185,1347 198,1347 199,1348 203,1348 204,1349 205,1349 206,1350 207,1350 208,1351 224,1351 225,1352 235,1352 236,1351 246,1351 247,1352 291,1352 292,1351 297,1351 298,1350 315,1350 316,1349 324,1349 325,1350 365,1350 366,1351 369,1351 370,1352 371,1352 372,1353 382,1353 383,1354 398,1354 399,1353 406,1353 407,1354 410,1354 411,1355 429,1355 430,1356 431,1356 432,1357 434,1357 435,1358 443,1358 444,1357 445,1357 447,1355 485,1355 486,1354 514,1354 515,1353 516,1354 543,1354 544,1355 544,1358 545,1359 545,1360 547,1360 548,1361 552,1361 553,1362 562,1362 566,1358 567,1358 572,1353 579,1353 580,1354 589,1354 590,1353 631,1352 632,1351 649,1351 650,1350 662,1350 663,1351 779,1351 780,1350 795,1350 796,1351 822,1351 823,1352 870,1352 871,1351 933,1351 934,1350 935,1350 936,1349 942,1349 943,1348 944,1348 946,1346 946,1345 947,1344 947,1312 946,1311 946,1310 944,1308 943,1308 942,1307 865,1307 864,1306 864,1303 863,1302 863,1301 862,1300 860,1300 859,1299 848,1299 847,1300 845,1300 843,1302 843,1303 842,1304 842,1305 840,1307 812,1307 811,1308 801,1308 800,1307 800,1303 799,1302 799,1299 797,1297 796,1297 795,1296 793,1296 792,1295 745,1295 744,1294 741,1294 740,1295 733,1295 732,1296 730,1296 729,1297 728,1297 727,1298 727,1305 728,1306 727,1307 717,1307 716,1306 717,1305 717,1304 718,1303 718,1298 716,1296 715,1296 714,1295 713,1295 712,1294 697,1294 696,1293"/>
                <pc:Baseline points="93,1340 947,1341"/>
                <pc:Word id="region0000_line0023_word0000">
                    <pc:Coords points="104,1312 175,1312 175,1339 104,1339"/>
                    <pc:TextEquiv conf="0.72854362487793">
                        <pc:Unicode>aut</pc:Unicode>
                    </pc:TextEquiv>
                </pc:Word>
                <pc:Word id="region0000_line0023_word0001">
                    <pc:Coords points="192,1305 192,1340 303,1340 303,1306 282,1306 281,1307 269,1307 268,1306 268,1305 245,1305 243,1307 231,1307 230,1306 197,1306 196,1305"/>
                    <pc:TextEquiv conf="0.935412902832031">
                        <pc:Unicode>unica</pc:Unicode>
                    </pc:TextEquiv>
                </pc:Word>
                <pc:Word id="region0000_line0023_word0002">
                    <pc:Coords points="320,1302 320,1345 446,1345 446,1310 445,1311 444,1311 443,1310 432,1310 431,1309 394,1309 393,1308 367,1308 366,1307 357,1307 356,1306 356,1304 355,1303 355,1302"/>
                    <pc:TextEquiv conf="0.864304122924805">
                        <pc:Unicode>linea,</pc:Unicode>
                    </pc:TextEquiv>
                </pc:Word>
                <pc:Word id="region0000_line0023_word0003">
                    <pc:Coords points="463,1311 533,1311 533,1339 463,1339"/>
                    <pc:TextEquiv conf="0.71075553894043">
                        <pc:Unicode>aut</pc:Unicode>
                    </pc:TextEquiv>
                </pc:Word>
                <pc:Word id="region0000_line0023_word0004">
                    <pc:Coords points="672,1295 670,1297 666,1297 665,1298 665,1299 663,1301 663,1302 661,1304 657,1304 656,1305 653,1305 651,1307 650,1307 648,1309 647,1309 646,1308 644,1308 643,1307 642,1307 641,1306 602,1306 601,1305 601,1300 600,1299 599,1299 598,1298 597,1298 596,1297 586,1298 585,1299 581,1299 580,1300 578,1300 576,1302 576,1303 575,1304 575,1307 574,1308 562,1308 560,1310 559,1310 558,1311 557,1311 557,1352 631,1352 632,1351 649,1351 650,1350 662,1350 663,1351 736,1351 736,1295 733,1295 732,1296 730,1296 729,1297 728,1297 727,1298 727,1305 728,1306 727,1307 717,1307 716,1306 717,1305 717,1304 718,1303 718,1298 716,1296 715,1296 714,1295"/>
                    <pc:TextEquiv conf="0.663838043212891">
                        <pc:Unicode>pluribus</pc:Unicode>
                    </pc:TextEquiv>
                </pc:Word>
                <pc:Word id="region0000_line0023_word0005">
                    <pc:Coords points="876,1307 865,1307 864,1306 864,1303 863,1302 863,1301 862,1300 860,1300 859,1299 848,1299 847,1300 845,1300 843,1302 843,1303 842,1304 842,1305 840,1307 812,1307 811,1308 801,1308 800,1307 800,1303 799,1302 799,1299 797,1297 796,1297 795,1296 793,1296 792,1295 758,1295 758,1351 779,1351 780,1350 795,1350 796,1351 822,1351 823,1352 870,1352 871,1351 876,1351"/>
                    <pc:TextEquiv conf="0.586746368408203">
                        <pc:Unicode>Tincis</pc:Unicode>
                    </pc:TextEquiv>
                </pc:Word>
                <pc:TextEquiv conf="0.748266766866048">
                    <pc:Unicode>aut unica linea, aut pluribus Tincis</pc:Unicode>
                </pc:TextEquiv>
            </pc:TextLine>
            <pc:TextLine id="region0000_line0024">
                <pc:AlternativeImage filename="OCR-D-DEWARP/OCR-D-DEWARP_0009_region0000_region0000_line0024.IMG-DEWARP.png" comments="binarized,despeckled,binarized,dewarped"/>
                <pc:Coords points="185,1348 184,1349 182,1349 181,1350 180,1350 179,1351 177,1351 176,1352 176,1353 175,1354 175,1355 174,1356 174,1357 173,1358 93,1358 93,1404 99,1404 100,1405 101,1405 102,1406 104,1406 105,1407 109,1407 110,1406 113,1406 114,1407 115,1407 117,1409 118,1409 121,1412 122,1412 123,1411 125,1411 126,1410 126,1409 127,1408 127,1405 128,1404 129,1404 130,1403 146,1403 147,1404 200,1404 201,1405 230,1405 231,1406 285,1406 286,1407 293,1407 294,1406 295,1406 296,1405 297,1405 298,1404 300,1404 301,1403 316,1403 317,1404 331,1404 333,1406 334,1406 335,1407 344,1407 345,1406 346,1406 347,1405 357,1405 358,1406 409,1406 410,1405 417,1405 418,1404 434,1404 435,1405 436,1405 437,1406 438,1406 440,1408 449,1408 450,1409 451,1409 453,1411 453,1412 455,1414 460,1414 461,1415 465,1415 466,1414 471,1414 472,1413 473,1413 477,1409 496,1409 497,1408 517,1408 518,1407 553,1407 554,1406 561,1406 562,1405 565,1405 566,1404 576,1404 577,1405 578,1405 579,1406 607,1405 608,1406 707,1406 708,1407 719,1407 721,1409 721,1410 722,1410 723,1409 726,1409 727,1408 731,1408 732,1407 734,1407 735,1406 738,1406 739,1405 746,1405 749,1408 749,1409 751,1411 752,1411 755,1414 759,1414 760,1415 765,1415 766,1414 767,1414 768,1413 770,1413 770,1412 771,1411 771,1408 772,1407 788,1407 789,1406 915,1406 916,1405 917,1405 919,1403 923,1403 924,1402 925,1402 927,1400 927,1399 928,1398 928,1366 927,1365 927,1364 925,1362 924,1362 923,1361 902,1361 901,1360 869,1360 868,1359 868,1358 867,1357 867,1356 864,1353 848,1353 845,1356 845,1357 844,1358 844,1359 843,1360 800,1360 799,1359 799,1354 798,1353 798,1352 796,1352 795,1351 780,1351 779,1352 775,1352 773,1354 773,1355 772,1356 772,1359 771,1360 731,1360 730,1359 730,1356 729,1355 729,1354 727,1352 711,1352 707,1356 707,1357 706,1358 706,1359 705,1360 691,1360 690,1359 668,1359 667,1358 667,1355 666,1354 666,1353 665,1352 663,1352 662,1351 650,1351 649,1352 643,1352 640,1355 640,1356 639,1357 639,1358 638,1359 594,1359 593,1360 584,1361 583,1360 583,1357 582,1356 582,1355 580,1355 579,1354 572,1354 567,1359 566,1359 562,1363 553,1363 552,1362 548,1362 547,1361 482,1361 481,1362 415,1362 414,1361 414,1358 413,1357 413,1356 411,1356 410,1355 407,1355 406,1354 399,1354 398,1355 396,1355 393,1358 393,1359 392,1360 392,1361 391,1362 375,1362 374,1361 374,1355 373,1354 372,1354 371,1353 370,1353 369,1352 366,1352 365,1351 325,1351 324,1350 316,1350 315,1351 298,1351 297,1352 292,1352 291,1353 289,1353 288,1354 288,1355 287,1356 287,1360 286,1361 259,1361 258,1360 253,1360 252,1359 252,1358 251,1357 251,1356 250,1355 250,1354 249,1353 247,1353 246,1352 236,1352 235,1353 233,1353 229,1357 229,1358 227,1360 215,1360 214,1359 212,1359 211,1358 211,1356 210,1355 210,1354 209,1353 209,1352 208,1352 207,1351 206,1351 205,1350 204,1350 203,1349 199,1349 198,1348"/>
                <pc:Baseline points="93,1393 928,1396"/>
                <pc:Word id="region0000_line0024_word0000">
                    <pc:Coords points="176,1353 175,1354 175,1355 174,1356 174,1357 173,1358 105,1358 105,1406 110,1406 113,1406 127,1406 127,1405 128,1404 129,1404 130,1403 146,1403 147,1404 200,1404 201,1405 230,1405 231,1406 285,1406 294,1406 295,1406 296,1405 297,1405 297,1353 291,1353 289,1353 288,1354 288,1355 287,1356 287,1360 286,1361 259,1361 258,1360 253,1360 252,1359 252,1358 251,1357 251,1356 250,1355 250,1354 249,1353 247,1353 235,1353 233,1353 229,1357 229,1358 227,1360 215,1360 214,1359 212,1359 211,1358 211,1356 210,1355 210,1354 209,1353"/>
                    <pc:TextEquiv conf="0.510254592895508">
                        <pc:Unicode>perfínita,</pc:Unicode>
                    </pc:TextEquiv>
                </pc:Word>
                <pc:Word id="region0000_line0024_word0001">
                    <pc:Coords points="317,1356 317,1404 331,1404 332,1405 347,1405 357,1405 410,1405 417,1405 418,1404 434,1404 435,1405 436,1405 472,1405 472,1362 415,1362 414,1361 414,1358 413,1357 413,1356 411,1356 395,1356 393,1358 393,1359 392,1360 392,1361 391,1362 375,1362 374,1361 374,1356"/>
                    <pc:TextEquiv conf="0.262810897827148">
                        <pc:Unicode>Vnica,</pc:Unicode>
                    </pc:TextEquiv>
                </pc:Word>
                <pc:Word id="region0000_line0024_word0002">
                    <pc:Coords points="484,1368 528,1368 528,1396 484,1396"/>
                    <pc:TextEquiv conf="0.82691535949707">
                        <pc:Unicode>uct</pc:Unicode>
                    </pc:TextEquiv>
                </pc:Word>
                <pc:Word id="region0000_line0024_word0003">
                    <pc:Coords points="569,1357 567,1359 566,1359 562,1363 553,1363 552,1362 548,1362 547,1361 540,1361 540,1404 740,1403 740,1360 731,1360 730,1359 730,1356 707,1356 707,1357 706,1358 706,1359 705,1360 691,1360 690,1359 668,1359 667,1358 667,1356 639,1357 639,1357 639,1358 638,1359 594,1359 593,1360 584,1361 583,1360 583,1357 583,1357"/>
                    <pc:TextEquiv conf="0.682146987915039">
                        <pc:Unicode>circulari,</pc:Unicode>
                    </pc:TextEquiv>
                </pc:Word>
                <pc:Word id="region0000_line0024_word0004">
                    <pc:Coords points="772,1356 772,1359 771,1360 751,1360 751,1407 772,1407 788,1407 789,1406 876,1406 876,1360 869,1360 868,1359 868,1358 867,1357 867,1356 845,1356 845,1357 844,1358 844,1359 843,1360 800,1360 799,1359 799,1356"/>
                    <pc:TextEquiv conf="0.518729858398438">
                        <pc:Unicode>pluri-</pc:Unicode>
                    </pc:TextEquiv>
                </pc:Word>
                <pc:TextEquiv conf="0.560171539306641">
                    <pc:Unicode>perfínita, Vnica, uct circulari, pluri-</pc:Unicode>
                </pc:TextEquiv>
            </pc:TextLine>
            <pc:TextLine id="region0000_line0025">
                <pc:AlternativeImage filename="OCR-D-DEWARP/OCR-D-DEWARP_0009_region0000_region0000_line0025.IMG-DEWARP.png" comments="binarized,despeckled,binarized,dewarped"/>
                <pc:Coords points="301,1404 300,1405 298,1405 297,1406 296,1406 295,1407 294,1407 293,1408 292,1408 292,1409 291,1410 291,1412 290,1413 277,1413 276,1414 258,1414 257,1413 248,1413 247,1414 198,1414 197,1413 148,1413 147,1412 123,1412 122,1413 121,1413 118,1410 117,1410 115,1408 114,1408 113,1407 110,1407 109,1408 105,1408 104,1407 102,1407 101,1406 100,1406 99,1405 96,1405 95,1406 95,1411 94,1412 93,1412 93,1456 143,1456 144,1457 146,1457 147,1456 159,1456 160,1457 164,1457 165,1458 182,1458 183,1459 212,1459 213,1460 335,1460 336,1461 386,1461 387,1460 390,1460 391,1459 403,1459 404,1460 405,1460 406,1461 441,1461 442,1460 470,1460 471,1459 474,1459 475,1458 481,1458 482,1459 485,1459 486,1460 487,1460 488,1461 498,1461 499,1462 509,1462 511,1464 511,1465 514,1468 515,1468 516,1469 526,1469 527,1468 528,1468 530,1466 531,1466 535,1462 552,1462 553,1461 568,1461 569,1460 601,1459 602,1458 630,1458 631,1457 634,1457 635,1456 644,1456 645,1457 654,1457 655,1458 719,1458 720,1457 722,1457 723,1456 736,1456 737,1457 744,1457 745,1458 746,1458 747,1459 748,1459 749,1460 798,1460 799,1459 810,1459 811,1460 829,1460 830,1459 831,1459 832,1458 833,1458 834,1457 846,1457 847,1458 849,1458 850,1459 873,1459 874,1460 935,1460 936,1459 937,1459 939,1457 939,1456 941,1454 943,1454 944,1453 945,1453 947,1451 947,1450 948,1449 948,1417 947,1416 947,1415 945,1413 944,1413 943,1412 885,1412 884,1413 855,1413 854,1414 832,1414 831,1415 813,1415 812,1416 798,1416 797,1417 796,1417 795,1416 787,1416 786,1415 777,1415 776,1414 768,1414 767,1415 766,1415 765,1416 760,1416 759,1415 755,1415 752,1412 751,1412 748,1409 748,1408 746,1406 739,1406 738,1407 735,1407 734,1408 732,1408 731,1409 727,1409 726,1410 723,1410 722,1411 721,1411 719,1413 688,1413 687,1414 650,1414 649,1413 592,1414 591,1413 583,1413 582,1414 581,1413 581,1408 580,1407 579,1407 578,1406 577,1406 576,1405 566,1405 565,1406 562,1406 561,1407 558,1407 555,1410 555,1411 554,1412 554,1413 553,1414 543,1414 542,1415 527,1415 526,1416 494,1416 493,1415 466,1415 465,1416 461,1416 460,1415 455,1415 454,1414 442,1414 441,1413 441,1409 440,1409 438,1407 437,1407 436,1406 435,1406 434,1405 418,1405 417,1406 410,1406 409,1407 407,1407 405,1409 405,1410 404,1411 404,1412 402,1414 379,1414 378,1415 372,1415 371,1414 337,1414 336,1413 320,1413 319,1412 319,1406 318,1405 317,1405 316,1404"/>
                <pc:Baseline points="93,1446 947,1450"/>
                <pc:Word id="region0000_line0025_word0000">
                    <pc:Coords points="104,1410 104,1448 179,1448 179,1413 148,1413 147,1412 123,1412 122,1413 121,1413 118,1410 117,1410"/>
                    <pc:TextEquiv conf="0.96192253112793">
                        <pc:Unicode>bus</pc:Unicode>
                    </pc:TextEquiv>
                </pc:Word>
                <pc:Word id="region0000_line0025_word0001">
                    <pc:Coords points="195,1422 260,1422 260,1451 195,1451"/>
                    <pc:TextEquiv conf="0.962319107055664">
                        <pc:Unicode>aut</pc:Unicode>
                    </pc:TextEquiv>
                </pc:Word>
                <pc:Word id="region0000_line0025_word0002">
                    <pc:Coords points="292,1409 291,1410 291,1412 290,1413 277,1413 277,1450 397,1450 397,1414 379,1414 378,1415 372,1415 371,1414 337,1414 336,1413 320,1413 319,1412 319,1409"/>
                    <pc:TextEquiv conf="0.929853515625">
                        <pc:Unicode>altera</pc:Unicode>
                    </pc:TextEquiv>
                </pc:Word>
                <pc:Word id="region0000_line0025_word0003">
                    <pc:Coords points="408,1410 408,1451 510,1451 510,1416 494,1416 493,1415 466,1415 465,1416 461,1416 460,1415 455,1415 454,1414 442,1414 441,1413 441,1410"/>
                    <pc:TextEquiv conf="0.917894287109375">
                        <pc:Unicode>flexa,</pc:Unicode>
                    </pc:TextEquiv>
                </pc:Word>
                <pc:Word id="region0000_line0025_word0004">
                    <pc:Coords points="555,1411 555,1411 554,1412 554,1413 553,1414 543,1414 542,1415 539,1415 539,1450 662,1449 662,1414 650,1414 649,1413 592,1414 591,1413 583,1413 582,1414 581,1413 581,1411"/>
                    <pc:TextEquiv conf="0.956453628540039">
                        <pc:Unicode>altera</pc:Unicode>
                    </pc:TextEquiv>
                </pc:Word>
                <pc:Word id="region0000_line0025_word0005">
                    <pc:Coords points="723,1410 722,1411 721,1411 719,1413 688,1413 687,1414 673,1414 673,1449 779,1449 779,1415 777,1415 776,1414 768,1414 767,1415 766,1415 765,1416 760,1416 759,1415 755,1415 752,1412 751,1412 749,1410 726,1410"/>
                    <pc:TextEquiv conf="0.062510070800781">
                        <pc:Unicode>recta</pc:Unicode>
                    </pc:TextEquiv>
                </pc:Word>
                <pc:Word id="region0000_line0025_word0006">
                    <pc:Coords points="808,1420 877,1420 877,1448 808,1448"/>
                    <pc:TextEquiv conf="0.062510070800781">
                        <pc:Unicode>auc</pc:Unicode>
                    </pc:TextEquiv>
                </pc:Word>
                <pc:TextEquiv conf="0.693351887294224">
                    <pc:Unicode>bus aut altera flexa, altera recta auc</pc:Unicode>
                </pc:TextEquiv>
            </pc:TextLine>
            <pc:TextLine id="region0000_line0026">
                <pc:AlternativeImage filename="OCR-D-DEWARP/OCR-D-DEWARP_0009_region0000_region0000_line0026.IMG-DEWARP.png" comments="binarized,despeckled,binarized,dewarped"/>
                <pc:Coords points="147,1457 146,1458 145,1458 141,1462 141,1463 140,1464 131,1464 130,1465 96,1465 95,1466 93,1466 93,1509 95,1509 96,1510 122,1510 123,1511 161,1511 162,1512 205,1512 206,1513 234,1513 235,1514 247,1514 248,1515 248,1521 249,1522 249,1523 251,1525 252,1525 253,1526 275,1526 276,1525 277,1525 280,1522 280,1521 281,1520 281,1515 282,1514 327,1514 328,1515 336,1515 337,1516 349,1516 350,1517 350,1520 351,1521 351,1522 352,1523 352,1524 354,1526 355,1526 356,1527 377,1527 378,1526 379,1526 382,1523 382,1522 383,1521 383,1517 384,1516 396,1516 397,1515 559,1515 560,1514 585,1514 586,1513 590,1513 591,1514 665,1513 666,1512 674,1512 675,1513 760,1513 761,1512 764,1512 765,1511 777,1511 778,1512 779,1512 780,1513 884,1513 885,1514 931,1514 932,1513 933,1513 936,1510 936,1509 937,1508 940,1508 941,1507 942,1507 945,1504 945,1503 946,1502 946,1471 945,1470 945,1469 943,1467 942,1467 941,1466 902,1466 901,1467 869,1467 868,1468 851,1468 850,1467 850,1460 849,1459 847,1459 846,1458 834,1458 833,1459 832,1459 831,1460 830,1460 829,1461 828,1461 828,1462 827,1463 827,1464 826,1465 826,1466 825,1467 825,1468 824,1469 820,1469 819,1468 816,1468 815,1467 815,1464 814,1463 814,1462 813,1461 811,1461 810,1460 799,1460 798,1461 796,1461 795,1462 795,1463 794,1464 794,1465 793,1466 793,1467 792,1468 785,1468 784,1467 766,1467 765,1466 756,1466 755,1465 750,1465 749,1464 749,1461 748,1460 747,1460 746,1459 745,1459 744,1458 737,1458 736,1457 723,1457 722,1458 720,1458 719,1459 717,1459 714,1462 714,1463 713,1464 703,1464 702,1465 693,1465 692,1466 684,1466 683,1467 681,1467 680,1466 680,1464 679,1463 679,1462 676,1459 663,1459 660,1462 659,1462 657,1460 657,1459 655,1459 654,1458 645,1458 644,1457 635,1457 634,1458 631,1458 630,1459 628,1459 627,1460 627,1461 625,1463 625,1464 623,1466 609,1466 608,1467 587,1468 586,1469 549,1469 548,1470 509,1470 508,1469 491,1469 490,1468 490,1463 489,1462 488,1462 487,1461 486,1461 485,1460 482,1460 481,1459 475,1459 474,1460 471,1460 470,1461 461,1461 457,1465 457,1466 456,1467 456,1468 455,1469 410,1469 409,1468 409,1464 408,1463 408,1462 406,1462 405,1461 404,1461 403,1460 391,1460 390,1461 387,1461 386,1462 384,1462 384,1463 383,1464 383,1467 382,1468 340,1468 339,1467 265,1467 264,1468 240,1468 239,1467 190,1467 189,1466 168,1466 167,1465 166,1465 165,1464 165,1462 164,1461 164,1460 162,1458 160,1458 159,1457"/>
                <pc:Baseline points="93,1500 347,1507 945,1504"/>
                <pc:Word id="region0000_line0026_word0000">
                    <pc:Coords points="105,1465 105,1504 221,1504 221,1467 190,1467 189,1466 168,1466 167,1465 166,1465 130,1465"/>
                    <pc:TextEquiv conf="0.912675628662109">
                        <pc:Unicode>etiam</pc:Unicode>
                    </pc:TextEquiv>
                </pc:Word>
                <pc:Word id="region0000_line0026_word0001">
                    <pc:Coords points="332,1475 243,1475 243,1514 247,1514 248,1515 248,1517 281,1517 281,1515 282,1514 327,1514 328,1515 332,1515"/>
                    <pc:TextEquiv conf="0.919526977539063">
                        <pc:Unicode>quæ</pc:Unicode>
                    </pc:TextEquiv>
                </pc:Word>
                <pc:Word id="region0000_line0026_word0002">
                    <pc:Coords points="383,1464 383,1467 382,1468 359,1468 359,1517 383,1517 384,1516 396,1516 397,1515 547,1515 547,1470 509,1470 508,1469 491,1469 490,1468 490,1464 458,1464 457,1465 457,1466 456,1467 456,1468 455,1469 410,1469 409,1468 409,1464"/>
                    <pc:TextEquiv conf="0.844441070556641">
                        <pc:Unicode>pluribus</pc:Unicode>
                    </pc:TextEquiv>
                </pc:Word>
                <pc:Word id="region0000_line0026_word0003">
                    <pc:Coords points="608,1467 608,1467 587,1468 586,1469 575,1469 575,1506 691,1505 691,1466 684,1466 683,1467 681,1467 680,1466"/>
                    <pc:TextEquiv conf="0.521911468505859">
                        <pc:Unicode>redis</pc:Unicode>
                    </pc:TextEquiv>
                </pc:Word>
                <pc:Word id="region0000_line0026_word0004">
                    <pc:Coords points="716,1463 716,1507 876,1507 876,1467 869,1467 868,1468 851,1468 850,1467 850,1463 827,1463 827,1464 826,1465 826,1466 825,1467 825,1468 824,1469 820,1469 819,1468 816,1468 815,1467 815,1464 814,1463 795,1463 794,1464 794,1465 793,1466 793,1467 792,1468 785,1468 784,1467 766,1467 765,1466 756,1466 755,1465 750,1465 749,1464 749,1463"/>
                    <pc:TextEquiv conf="0.681980514526367">
                        <pc:Unicode>flexisúe</pc:Unicode>
                    </pc:TextEquiv>
                </pc:Word>
                <pc:TextEquiv conf="0.776107131958008">
                    <pc:Unicode>etiam quæ pluribus redis flexisúe</pc:Unicode>
                </pc:TextEquiv>
            </pc:TextLine>
            <pc:TextLine id="region0000_line0027">
                <pc:AlternativeImage filename="OCR-D-DEWARP/OCR-D-DEWARP_0009_region0000_region0000_line0027.IMG-DEWARP.png" comments="binarized,despeckled,binarized,dewarped"/>
                <pc:Coords points="765,1512 764,1513 761,1513 760,1514 716,1514 715,1515 710,1515 709,1516 706,1516 705,1517 704,1517 703,1518 702,1518 697,1523 695,1523 694,1524 600,1524 599,1523 506,1524 505,1525 504,1525 502,1527 502,1528 501,1529 501,1561 502,1562 502,1563 504,1565 505,1565 506,1566 508,1566 509,1567 510,1567 511,1568 596,1567 597,1568 609,1568 610,1569 615,1569 616,1570 620,1570 621,1571 629,1571 630,1572 684,1572 685,1571 715,1571 716,1570 723,1570 724,1569 725,1569 726,1568 734,1568 735,1567 866,1567 867,1566 900,1566 901,1565 939,1565 940,1564 946,1564 947,1563 948,1563 950,1561 950,1560 951,1559 951,1527 950,1526 950,1525 948,1523 947,1523 946,1522 868,1522 867,1521 867,1519 866,1518 866,1517 863,1514 849,1514 844,1519 844,1520 842,1522 805,1522 804,1521 801,1521 799,1519 799,1518 798,1517 798,1516 796,1514 780,1514 779,1513 778,1513 777,1512"/>
                <pc:Baseline points="501,1559 951,1555"/>
                <pc:Word id="region0000_line0027_word0000">
                    <pc:Coords points="570,1530 595,1529 595,1555 570,1556"/>
                    <pc:TextEquiv conf="0.927648162841797">
                        <pc:Unicode>a</pc:Unicode>
                    </pc:TextEquiv>
                </pc:Word>
                <pc:Word id="region0000_line0027_word0001">
                    <pc:Coords points="650,1531 666,1531 666,1565 650,1565"/>
                    <pc:TextEquiv conf="0.927648162841797">
                        <pc:Unicode>3</pc:Unicode>
                    </pc:TextEquiv>
                </pc:Word>
                <pc:Word id="region0000_line0027_word0002">
                    <pc:Coords points="764,1519 764,1558 880,1558 880,1522 868,1522 867,1521 867,1519 844,1519 844,1520 842,1522 805,1522 804,1521 801,1521 799,1519"/>
                    <pc:TextEquiv conf="0.">
                        <pc:Unicode>lines</pc:Unicode>
                    </pc:TextEquiv>
                </pc:Word>
                <pc:TextEquiv conf="0.951765441894531">
                    <pc:Unicode>a 3 lines</pc:Unicode>
                </pc:TextEquiv>
            </pc:TextLine>
            <pc:TextEquiv conf="0.695925817619135">
                <pc:Unicode>LIBER I. s
ficiem ducent- Eſt nang ſuperficies
extrema corporis pars,quæ non pro- Súperfia
fundicate aligua, ſed latitudine tan- cies.
tum longicrudinegziatc perinde ſuis
qualitatibus cognoſcatur, Qualita- Quit.
tum alix ita luperficiei inhærent, uc
nili prorfus alterata ſaperficie mini-
me fe mouerí, auc ſeíungi queant.
Alias verò qualítates huiuſmodí
funt,uteadem facie ſuperficielmanen
te, ita ſub aſpectu tamen úaceant,ut ſu
perficies uiſentibus alierata effe uídea
tur. Perpetuæx autem fuperficierum
qualitates geminæ ſunt. Vnaquídem
quæ per extremum illum ambitum,
quo ſuperficies claudítur , noreſcat,
quem quidemambitum nonnulli ori
Zzontem nuncupanc. Nos filiceat, la- orizon,
tino uocabulo ſimilitudine quadam Ora.
appellemu1s oram : auc, dum íca li- Fimbrie
beat,fimbriam. Eritéz &amp; ipf fimbria
aut unica linea, aut pluribus Tincis
perfínita, Vnica, uct circulari, pluri-
bus aut altera flexa, altera recta auc
etiam quæ pluribus redis flexisúe
a 3 lines</pc:Unicode>
            </pc:TextEquiv>
        </pc:TextRegion>
    </pc:Page>
</pc:PcGts>
