1880 2700
665 251 672 290 1II
890 233 1038 284 Prima
1049 228 1293 295 epiphanĩa

510 301 605 362 actĩ.
618 316 672 355 Vel
693 323 713 362 q
746 309 883 347 fidelius
906 308 975 360 renũ
993 301 1144 362 hĩtudinẽ
1154 309 1215 352 qm
1224 306 1336 350 alioꝝʒ
1344 303 1503 351 mẽbros.
1511 302 1683 341 denũciat.
1689 301 1764 339 Auz

510 365 636 402 aduriit
645 362 815 412 grece:ꝗck
824 359 842 391 ẽ
850 353 1131 400 demõſttatio:qa
1140 348 1374 387 denũctiatiua
1382 352 1428 384 eſt
1435 351 1593 385 interiorũ
1604 338 1763 397 mẽbrorũ

511 411 614 453 Vnde
623 420 659 448 vk
667 403 887 443 certificemur
895 401 938 436 de
958 399 1147 439 ĩterioribus
1154 395 1462 433 eorũ.
1260 390 1284 453 ſ.
1294 395 1462 433 habitudie
1471 394 1563 431 mala
1571 395 1610 435 vł
1624 390 1705 431 bona
1723 396 1770 433 cõ

511 454 655 501 ſulimus
665 454 735 492 vrĩe
743 450 884 485 iudiciũ.
897 449 972 482 Aut
980 456 1026 492 qa
1036 447 1133 482 vrina
1142 441 1229 479 dicit᷑
1236 444 1281 479 ab
1292 444 1397 482 yrẽdo
1407 454 1452 488 ga
1461 443 1558 481 vrina
1566 441 1771 477 deſiecatiuã

511 502 559 538 &
567 500 692 541 vritiuã
701 497 803 544 habet
811 495 928 530 naturã
939 488 992 525 ſeu
1002 490 1338 527 virtutẽ.
1157 487 1239 544 Vnde
1347 488 1359 521 valetĩ
1376 489 1578 542 impetigine
1601 489 1618 523 &
1642 487 1768 536 ſerpigi

511 547 615 594 ne.
581 542 615 598 Et
630 547 725 580 cõtra
774 542 897 576 uſtulas
908 538 935 574 ſi
946 538 1025 571 inde
1031 538 1141 618 E.
1151 535 1306 571 membrũ
1318 534 1498 570 abluat᷑.
1464 533 1502 585 Et
1505 543 1621 569 contra
1628 534 1723 581 virge
1732 533 1769 571 vl

512 589 738 643 eerationẽ.
766 598 840 624 Cõntra
850 586 970 636 pannũ
979 595 1028 632 poſt
1067 583 1260 631 partum.
1227 579 1262 643 Et
1268 589 1387 630 potata
1396 578 1585 628 ſpleneticis
1591 577 1736 614 confert.

521 650 555 654 8
1503 627 1545 663 In
1562 627 1615 660 his
1630 625 1771 661 duobus

516 688 587 747 Vt
600 687 656 743 de
665 691 772 741 lacte
785 691 860 739 ſeri
872 690 912 738 ſe
922 687 1143 752 limpidus
1167 684 1269 749 eliqt
1288 684 1465 731 humor.
1517 671 1666 723 verſchus
1681 681 1767 727 nora

1516 729 1568 754 tur
1582 717 1720 753 ſilitudo
1731 730 1770 753 in

517 756 595 824 Sic
605 759 747 820 liquor
759 756 880 802 vrine
892 752 947 801 de
960 749 1100 799 maſſa
1122 748 1348 815 ſanguinis
1361 748 1467 804 exit.
1516 766 1706 804 teryrinam
1723 765 1772 800 &.

87 887 497 939 B.
518 856 600 921 ſone
623 856 816 921 ſititudinis
836 869 867 903 de
882 875 969 909 vtine
985 856 1117 921 eſſentia
1135 856 1319 921 euidentior
1342 856 1360 895 &
1376 856 1496 921 cettior
1514 856 1624 921 capiat᷑
1633 858 1772 894 doctria

521 924 615 962 Sicut
624 921 679 954 eni
692 918 798 953 ſerum
808 917 849 954 de
859 913 947 949 lacte
956 920 1014 961 per
1048 910 1171 946 rofarũ
1181 908 1292 956 ꝑartiũ
1300 899 1547 959 expreſſionem
1554 905 1701 946 excolat.
1714 904 1774 943 Sic

487 971 544 1024 E
554 973 676 1013 Vinæ
689 974 736 1011 de
734 971 840 1007 mafſa
888 971 1055 1021 Angdinise
1071 954 1216 1009 iquatur.

522 1052 524 1054 e
737 1062 747 1072 e
918 1058 982 1067 67
1543 1011 1573 1046 In
1597 1009 1646 1044 his
1656 1009 1774 1055 quattu

521 1058 773 1127 Sanguinis
795 1057 855 1104 eſt
865 1069 988 1106 vrina
1000 1053 1025 1101 ſe
1017 1050 1093 1101 erſi
1112 1047 1267 1111 ſubtile
1278 1049 1465 1111 liqmmen.
1515 1067 1555 1090 or
1571 1055 1721 1092 verſibus
1735 1054 1775 1101 ip

520 1123 737 1174 Humorũ
747 1135 862 1183 quos
876 1116 1016 1163 cõfictt
1027 1129 1098 1160 ars
1108 1116 1291 1178 regitiua
1304 1112 1465 1159 ſecũdi.
1511 1096 1547 1174 ſe
1729 1110 1778 1155 n

522 1187 579 1235 Er
589 1197 794 1246 princeps
806 1182 907 1243 opis
921 1177 1028 1224 dum
1040 1174 1093 1222 fit
1102 1176 1303 1221 cribratio
1328 1187 1467 1217 rerum
1515 1157 1697 1229 —
1714 1157 1777 1239 Imn

521 1246 649 1302 Dum
661 1243 712 1290 fit
724 1241 782 1288 ab
796 1256 936 1303 ĩpuris
947 1252 1058 1300 pure
1069 1236 1295 1283 deſtructio
1307 1233 1462 1294 partis.
1515 1241 1572 1274 hie
1580 1241 1684 1286 ponit
1700 1237 1780 1275 ſacis

530 1328 598 1347 6
954 1319 956 1321 —
1511 1285 1707 1321 conſonam
1714 1281 1778 1319 eſſe

524 1329 736 1397 dicfinitioni
754 1350 838 1393 vrine
854 1346 1002 1397 ſuperius
1011 1343 1056 1381 ab
1066 1340 1165 1390 yſaac
1180 1329 1294 1397 poſite.
1312 1337 1378 1377 Etei
1386 1347 1490 1384 quam
1498 1333 1602 1382 ponit
1610 1328 1780 1379 Theophi

526 1406 579 1441 lus
591 1403 628 1437 in
644 1400 710 1437 ſuis
720 1400 826 1437 vrinis
835 1408 899 1444 que
910 1395 986 1429 talis
995 1382 1051 1444 eſt.
1072 1382 1155 1444 Vrina
1172 1390 1218 1434 eſt
1225 1386 1419 1423 colamentũ
1430 1380 1608 1430 ſanguinis
1627 1379 1649 1413 &
1669 1376 1740 1423 alio

528 1448 678 1487 humorũ
687 1444 905 1481 exactidibus
914 1448 1028 1475 nature
1038 1439 1133 1472 natũ.
1140 1435 1201 1473 Nõ
1211 1443 1320 1469 teuera
1329 1430 1396 1466 ſerũ
1408 1430 1463 1465 ſed
1472 1425 1569 1475 quaſi
1587 1424 1701 1474 groſſa
1715 1389 1780 1457 —8

528 1496 654 1533 ſtantia
662 1494 704 1529 de
724 1491 892 1539 ſanguine
900 1488 1029 1567 Pe
1073 1495 1137 1532 e
1322 1489 1372 1513 ars
1388 1476 1471 1513 ideſt
1480 1478 1580 1514 virtus
1595 1471 1777 1520 digeſtiua:

531 1555 598 1590 que
607 1538 876 1588 quodamuiodo
885 1532 1034 1570 artificio
1043 1544 1065 1566 o
1094 1529 1220 1565 erak.
1189 1516 1222 1578 Et
1228 1528 1383 1574 princeps
1392 1523 1501 1558 opetis
1511 1521 1595 1554 ideſt
1610 1517 1726 1553 ſecũde
1740 1516 1779 1550 di

530 1587 776 1638 geſtidis:
706 1572 766 1638 dum
786 1581 828 1619 fit
836 1583 882 1622 ab
891 1580 1033 1627 impuris
1042 1576 1171 1611 diſcreti
1175 1573 1296 1608 oꝛidelt
1306 1568 1522 1616 ſequeſtratio
1548 1564 1569 1600 &
1586 1562 1715 1608 diuiſio
1732 1562 1780 1600 hu

530 1636 714 1681 morũ:que
729 1631 783 1677 qᷓſi
792 1628 949 1663 cribratio
961 1623 1001 1660 fit
1011 1626 1047 1658 in
1065 1609 1164 1674 epate.
1184 1620 1351 1653 Flematica
1360 1627 1464 1662 nane;
1472 1613 1608 1648 materia
1617 1612 1654 1644 in
1665 1609 1780 1657 primo

528 1691 629 1716 nnotu
640 1679 696 1716 ſue
706 1664 896 1721 cribratiõis
915 1681 1058 1721 generata
1068 1669 1112 1704 ad
1122 1668 1326 1716 pulmonem
1336 1660 1488 1717 impelſit
1495 1669 1531 1699 vt
1540 1661 1576 1694 in
1588 1659 1722 1692 flemata
1736 1654 1781 1688 cõ

492 1730 684 1744 uertatur.
703 1723 862 1761 Collerica
870 1731 949 1758 vero
959 1719 1004 1753 ad
1013 1714 1121 1752 ciſtim
1131 1713 1219 1750 fellis
1236 1700 1423 1758 tranſducit᷑:
1448 1705 1640 1746 Melancolia
1650 1705 1694 1737 ad
1710 1700 1782 1754 ſple

529 1773 612 1809 nem
623 1758 769 1816 deriuat᷑.
793 1779 923 1802 Aquoſa
932 1777 1011 1802 vero
1022 1763 1161 1804 materia
1169 1762 1220 1800 vel
1232 1755 1519 1803 ſubſtantia:ideſt
1527 1754 1623 1799 yrina
1632 1760 1709 1783 cum
1720 1751 1781 1792 ſan

559 1820 639 1867 uine
649 1827 685 1857 vt
694 1826 785 1852 tenes
794 1813 947 1850 nutrian᷑
956 1824 978 1861 ꝑ
989 1811 1162 1860 capillares
1170 1817 1273 1847 venas
1281 1806 1326 1841 ad
1342 1804 1421 1839 renũ
1431 1801 1608 1849 regionem
1623 1794 1782 1843 deportaẽ

587 1876 611 1914 ꝑ
623 1875 730 1914 poros
739 1863 874 1901 vritides
884 1859 1015 1896 reſuat
1025 1870 1061 1894 n
1070 1855 1231 1900 veſicam.
1558 1858 1616 1879 11

541 1956 543 1965 S
859 1907 1166 1961 OQueſtiones
1178 1897 1415 1963 ſuperhoc.
1765 1934 1769 1937 —

532 1976 600 2014 lic
607 1972 743 2022 poſſent
751 1968 824 2005 fieri
834 1970 948 2015 alique
954 1962 1120 2014 queſtiðes
1128 1965 1195 1997 hoc
1216 1956 1328 2022 modo.
1344 1960 1444 1996 Primo
1460 1967 1538 1990 cum
1548 1950 1712 1990 Vſaac
1674 1949 1694 2002 &
1721 1949 1783 1984 alii

533 2024 652 2057 dicunt
661 2020 716 2053 hic
725 2030 758 2064 ꝙ
768 2018 866 2051 vrina
874 2016 920 2049 eit
928 2012 1123 2048 colamentũ
1141 2010 1163 2044 &
1185 2021 1262 2043 cum
1272 2007 1405 2042 colacio
1418 2003 1459 2039 ſit
1467 2000 1619 2037 accidens
1641 1999 1661 2033 &
1681 1996 1783 2030 nullũ

535 2069 689 2108 accidens
697 2063 787 2113 poni
796 2063 916 2097 debeat
925 2062 965 2094 in
974 2056 1164 2093 diffinitiõe
1175 2054 1259 2090 ſicut
1275 2054 1359 2089 dicit
1367 2047 1598 2100 philoſophus
1606 2056 1687 2094 ergo
1702 2041 1784 2077 diffi

536 2117 629 2156 nitio
637 2114 724 2155 male
733 2112 813 2148 data
820 2110 878 2145 eſt.
885 2107 1022 2147 Solutio
1033 2103 1210 2154 dupliciter
1219 2103 1266 2139 eſt
1274 2100 1375 2148 loqux
1382 2098 1423 2132 de
1432 2096 1628 2132 colamento
1639 2092 1692 2126 vel
1702 2091 1742 2125 in
1751 2086 1783 2123 ſe
