1457 2084
848 295 1025 335 484)

530 418 671 455 gewiegelt
685 420 817 452 worden;
838 418 862 454 ſo
878 419 1000 455 ſchaͤdlich
1016 420 1046 456 iſt
1065 424 1094 450 es
1110 420 1284 459 Vorurtheile
1298 431 1331 460 zu

528 464 668 501 pflanzen,
692 465 755 494 weil
770 466 804 501 ſie
819 465 865 500 ſich
880 466 970 502 zuletzt
984 475 1020 496 an
1036 468 1120 496 denen
1141 467 1214 504 ſelbſt
1229 470 1330 504 raͤchen,

529 511 582 545 die,
605 514 670 541 oder
691 514 771 541 deren
794 511 970 549 Vorgaͤnger,
993 511 1049 548 ihre
1074 513 1194 549 Urheber
1217 515 1334 551 geweſen

526 557 596 593 ſind.
638 557 739 594 Daher
754 558 825 588 kann
841 559 884 588 ein
900 559 1055 595 Publikum
1071 567 1123 589 nur
1147 560 1267 597 langſam
1289 570 1335 598 zur

528 603 706 640 Aufklaͤrung
720 605 864 642 gelangen.
903 605 1000 640 Durch
1010 607 1067 635 eine
1075 606 1248 637 Revolution
1265 609 1334 639 wird

527 651 659 686 vielleicht
674 650 747 687 wohl
764 652 807 681 ein
822 650 917 686 Abfall
937 660 991 682 von
1013 653 1201 688 perſoͤnlichem
1222 654 1336 688 Despo⸗

528 698 600 728 tism
615 701 670 728 und
685 697 926 734 gewinnſuͤchtiger
947 702 1009 728 oder
1032 699 1262 737 herrſchſuͤchtiger
1277 701 1337 732 Be⸗

531 744 680 781 druͤkkung,
702 743 767 774 aber
796 744 913 773 niemals
936 745 1027 780 wahre
1049 745 1168 781 Reform
1189 749 1234 777 der
1253 748 1335 778 Den⸗

530 791 667 828 kungsart
687 798 717 827 zu
739 790 857 821 Stande
879 790 1020 824 kommen;
1040 791 1153 826 ſondern
1178 801 1245 823 neue
1259 793 1335 824 Vor⸗

530 837 648 874 urtheile
670 838 790 872 werden,
811 837 874 866 eben
900 836 999 873 ſowohl
1024 837 1068 868 als
1094 839 1134 868 die
1162 839 1248 874 alten,
1274 848 1335 876 zum

530 883 677 916 Leitbande
714 886 761 915 des
802 883 1014 920 gedankenloſen
1059 886 1162 921 großen
1202 885 1336 923 Haufens

491 931 640 962 dienen.

590 979 633 1016 Zu
648 978 729 1013 dieſer
742 978 916 1015 Aufklaͤrung
930 978 993 1009 aber
1007 980 1077 1010 wird
1095 979 1183 1011 nichts
1200 980 1334 1016 erfordert

532 1025 577 1056 als
596 1025 798 1063 Freiheit;
820 1028 876 1055 und
890 1033 962 1061 zwar
976 1028 1017 1055 die
1039 1026 1238 1063 unſchaͤdlichſte
1254 1034 1334 1058 unter

532 1073 626 1107 allem,
647 1078 709 1102 was
725 1081 778 1102 nur
790 1072 910 1108 Freiheit
924 1074 1018 1107 heißen
1040 1081 1114 1109 mag,
1137 1074 1251 1106 nämlich
1273 1075 1332 1104 die:

530 1126 586 1149 von
599 1119 681 1154 ſeiner
698 1118 845 1154 Vernunft
860 1119 888 1148 in
902 1119 973 1148 allen
986 1118 1116 1150 Stuͤkken
1130 1117 1332 1156 oͤffentlichen

530 1165 705 1202 Gebrauch
719 1174 750 1203 zu
765 1166 885 1201 machen.
925 1165 998 1195 Nun
1015 1166 1077 1201 hoͤre
1093 1166 1128 1200 ich
1149 1166 1213 1195 aber
1226 1174 1278 1196 von
1293 1168 1333 1197 al⸗

532 1213 577 1243 len
592 1212 701 1244 Seiten
722 1212 819 1248 rufen:
846 1210 1007 1247 raͤſonnirt
1029 1211 1133 1248 nicht!
1172 1213 1235 1243 Der
1258 1213 1333 1249 Offi⸗

531 1260 585 1297 zier
605 1259 679 1296 ſagt:
702 1259 839 1295 raͤſonnirt
859 1260 941 1292 nicht,
968 1257 1080 1292 ſondern
1106 1261 1229 1293 exercirt!
1268 1260 1334 1291 Der

531 1306 722 1343 Finanzrath:
744 1306 882 1340 raͤſonnirt
897 1306 978 1340 nicht,
999 1305 1113 1340 ſondern
1128 1306 1247 1341 bezahlt!
1268 1306 1332 1337 Der

531 1353 695 1385 Geiſtliche:
717 1353 856 1383 raͤſonuirt
869 1354 950 1387 nicht,
970 1353 1084 1387 ſondern
1098 1352 1209 1388 glaubt!
1248 1352 1334 1389 (Nur

533 1401 579 1431 ein
593 1402 709 1437 einziger
722 1398 798 1437 Herr
811 1403 840 1429 in
856 1403 899 1429 der
914 1400 991 1430 Welt
1010 1398 1084 1435 ſagt:
1111 1396 1282 1434 raͤſonnirt,
1306 1400 1333 1435 ſo

531 1447 585 1477 viel
605 1447 648 1481 ihr
669 1448 757 1482 wollt,
778 1450 834 1476 und
856 1447 981 1476 woruͤber
1005 1445 1047 1481 ihr
1067 1445 1161 1485 wollt;
1192 1445 1266 1475 aber
1287 1454 1336 1482 ge⸗

531 1493 689 1531 horcht!)
728 1493 801 1531 Hier
815 1494 849 1530 iſt
861 1493 964 1523 uͤberall
975 1492 1193 1533 Einſchraͤnkung
1209 1495 1253 1521 der
1262 1492 1335 1528 Frei⸗

534 1540 599 1578 heit.
639 1540 747 1571 Welche
768 1540 989 1576 Einſchraͤnkung
1019 1540 1081 1568 aber
1105 1539 1136 1572 iſt
1156 1541 1199 1568 der
1219 1538 1332 1574 Aufklaͤ⸗

534 1595 607 1624 rung
621 1586 788 1623 hinderlich?
809 1587 904 1616 welche
916 1587 997 1620 nicht,
1018 1586 1130 1618 ſondern
1140 1586 1181 1619 ihr
1196 1585 1268 1616 wohl
1284 1593 1335 1621 gar

534 1633 729 1669 beſoͤrderlich?!
777 1649 786 1655 —
826 1633 883 1670 Ich
905 1638 1058 1673 antworte:
1086 1634 1131 1662 der
1152 1628 1331 1669 offentliche

532 1679 680 1716 Gebrauch
695 1679 778 1720 ſeiner
797 1680 944 1711 Vernunft
966 1680 1030 1714 muß
1052 1680 1173 1723 jederzeit
1198 1678 1247 1712 frei
1268 1678 1335 1714 ſein,

532 1729 590 1764 und
607 1730 651 1760 der
666 1727 748 1759 allein
763 1727 834 1760 kann
850 1727 1023 1764 Aufklaͤrung
1043 1725 1123 1757 unter
1136 1724 1287 1762 Menſchen
1300 1733 1333 1761 z.

1234 1771 1334 1805 Stan⸗
