1318 2366
280 362 422 424 ſolchen
446 365 546 421 nicht
565 369 756 424 erhalten;
786 376 829 429 Y
864 379 924 425 die
941 376 1090 436 Kugel,
1119 382 1180 429 die
1195 387 1279 436 zwi-

275 441 380 501 ſchen
403 448 490 496 zwei
513 446 666 504 Rippen
697 450 770 504 auf
789 457 852 500 der
882 455 1001 504 linken
1027 458 1146 515 Bruſt
1177 462 1278 519 ſißen

274 518 487 579 geblieben
475 525 497 582 ,
526 523 570 581 iſt
601 531 640 573 in
666 527 851 587 Freiburg
882 531 1023 585 heraus
1053 536 1276 592 geſchnitten

270 599 450 647 worden;
479 599 533 653 ich
557 608 664 657 trage
685 603 731 659 ſie
751 608 830 663 jezt
860 619 912 654 an
945 613 1062 658 einem
1090 614 1274 670 goldenen

265 669 441 728 Kettchen
465 672 538 726 auf
554 678 712 723 meinem
732 670 899 736 Herzen
886 690 906 742 ;
931 682 1026 741 ſeine
1054 683 1275 751 Hiebwunde

265 758 311 814 iſt
335 759 543 816 ſlimmer
563 764 748 822 geweſen;
792 770 883 827 doch
915 772 1007 827 heilt
1030 775 1075 829 ſie
1096 779 1172 833 jet
1191 787 1270 826 von

263 838 378 893 Tage
405 852 447 894 zu
468 840 581 895 Tage
606 850 738 894 immer
769 848 902 907 beſſer,
941 857 1020 901 und
1052 859 1111 904 die
1132 858 1269 908 Narbe

260 921 359 967 wird
390 920 470 973 ihm
503 922 600 976 re<ht
630 925 792 983 ſhmu>
816 930 942 987 laſſen.
1004 933 1139 991 Selbſt
1171 939 1266 994 ſeine

258 990 396 1052 B'âſſe
426 998 557 1045 kleidet
576 999 644 1054 ihn
673 1002 772 1056 nicht
791 998 896 1055 übel;
929 1019 967 1053 er
990 1007 1033 1064 i|
1053 1009 1161 1065 zahm
1185 1015 1263 1060 und

253 1072 398 1130 fromm
423 1080 635 1132 geworden,
663 1084 740 1127 und
763 1086 837 1130 das
859 1086 925 1142 foll
946 1091 1021 1134 mir
1045 1092 1085 1136 in
1107 1096 1170 1139 der
1181 1093 1266 1149 Ehe

251 1160 296 1206 zu
320 1152 419 1210 paſſe
440 1155 633 1205 kommen,
671 1164 766 1207 denn
797 1174 834 1208 er
863 1173 946 1212 war
968 1165 1064 1225 ſonſt
1085 1171 1265 1227 zuweilen

254 1228 346 1275 auch
370 1238 439 1271 aar
461 1239 504 1281 zu
527 1230 617 1276 wild
639 1239 717 1279 und
738 1227 952 1292 unbändig.

336 1315 394 1362 Er
412 1308 519 1371 trägt
540 1318 617 1362 mir
640 1317 727 1365 eben
747 1324 852 1368 einen
872 1324 961 1380 Kuß
982 1337 1032 1372 an
1048 1328 1151 1383 Euch
1177 1331 1261 1385 aufe

250 1390 342 1441 aber
366 1397 436 1440 den
456 1396 541 1451 ſollt
555 1396 639 1453 Jhr
661 1404 730 1454 gut
748 1398 899 1458 haben,
915 1404 978 1452 bis
996 1407 1050 1463 ih
1073 1409 1141 1465 ihu
1153 1410 1256 1468 Euch

248 1475 355 1537 \clb|
379 1477 493 1530 geben
516 1479 630 1527 kann.

332 1551 416 1608 Ihr
436 1546 546 1607 müßt
565 1553 871 1616 ſchlechterdings
891 1560 949 1609 bei
973 1562 1120 1619 unſerer
1130 1564 1255 1622 Hochs

247 1627 315 1680 zcit
347 1626 457 1684 ſeyn,
500 1634 560 1677 die
588 1635 662 1689 auf
689 1631 857 1696 nâhſten
885 1638 1254 1703 Himmelfahrtstag

276 1752 315 1797 *)
342 1750 460 1799 Dieſer
479 1752 588 1800 Brief
612 1755 684 1798 traf
708 1756 768 1799 erſt
798 1766 841 1805 14
859 1758 954 1807 Tage
979 1763 1062 1806 nah
1090 1766 1249 1810 Mimilis3

333 1805 521 1850 Schreiben
538 1807 614 1852 ein
602 1814 620 1860 ;
640 1809 686 1854 ih
707 1813 800 1859 hatte
817 1816 1037 1865 unterdeſſen,
1058 1819 1250 1869 Beruſ2ge-

331 1860 457 1910 ſchâfre
486 1862 615 1908 halber,
654 1864 832 1911 einigemal
871 1871 1004 1913 meinen
1042 1872 1249 1923 Aufenthalt

329 1916 515 1955 verändern
534 1916 674 1966 müſſen,
699 1923 769 1959 Und
788 1922 889 1968 daher
907 1932 977 1963 war
996 1926 1063 1967 mir
1080 1931 1136 1969 der
1153 1928 1247 1978 Frei-

322 1973 448 2018 burger
469 1972 576 2018 Brief
592 1984 659 2015 von
686 1976 794 2021 einem
810 1979 886 2023 Ort
908 1988 984 2029 zum
1000 1984 1129 2029 andern
1146 1979 1246 2036 nach-

331 2038 485 2088 geſendet
505 2040 654 2086 worden.
