1318 2366
242 402 271 433 1
284 368 449 432 B'hütis
479 373 603 423 Gott!
627 374 674 426 ©
715 371 778 426 fiel
813 369 860 427 ſie
889 371 964 416 mir
992 359 1161 421 lähelnd

145 450 223 501 ins
255 452 395 504 Wort,
449 450 576 501 „was
618 439 765 494 würdet
796 443 880 501 Jhr
916 441 1050 490 denken
1086 450 1163 487 von

157 535 257 587 mir,
298 541 407 576 wenn
442 529 495 586 ih
524 530 605 585 hier
632 527 727 575 oben
751 524 873 580 blieb,
905 528 953 572 da
977 522 1060 579 Jhr
1082 522 1164 576 Hier

145 610 246 668 ſcid.
320 610 417 656 Das
450 600 578 663 múßte
608 606 648 658 ja
684 608 742 650 ein
774 596 910 661 wüſt
938 601 1164 650 Maidli

1142 634 1166 659 Pi

145 686 260 747 ſcyn.
320 688 452 745 Nein,
491 686 546 740 ih
585 687 706 732 werde
736 686 795 730 ein
819 683 941 736 wenig
965 683 1035 727 mit
1058 677 1163 734 Euch

157 770 249 825 noch
286 766 482 824 verweile,
523 775 631 812 wcnn
662 762 747 821 Jhr
777 766 853 810 mir
881 759 1054 815 erlaubt,
1085 759 1164 805 und

158 851 262 893 dann
294 846 385 901 gehe
413 843 468 898 ih
504 842 595 898 na<
628 839 773 899 Haus,
813 844 890 887 und
924 839 1030 897 ſende
1060 835 1166 893 Eu

156 927 381 984 j’Nachteße
393 919 502 981 ***)
522 921 683 982 herauf;
728 923 825 967 denn
856 921 919 966 der
954 917 1071 966 Senn
1097 914 1166 971 hat

158 1011 282 1066 nichts
292 1035 307 1068 ,
334 1012 399 1056 als
421 1011 562 1056 neimis
582 1004 770 1062 Nauf
723 999 779 1066 Þ,
800 1000 1055 1062 Schlipmilh
1086 999 1166 1046 und

159 1096 330 1153 Schnike
341 1098 446 1147 TP),

205 1160 216 1170 *
241 1165 322 1213 Sie
343 1160 470 1220 ſprach
491 1171 582 1216 gern
605 1163 684 1207 und
709 1157 797 1210 viel,
826 1160 904 1204 und
926 1156 967 1213 ſo
989 1150 1169 1210 traulih,

157 1249 229 1292 wic
258 1249 318 1292 ein
345 1242 475 1300 Kind,
520 1245 597 1289 und
632 1243 729 1287 denn
757 1238 848 1293 doch
871 1239 1008 1286 wieder
1029 1235 1066 1291 ſo
1088 1242 1168 1280 vers

160 1312 308 1375 ſtändig
331 1320 408 1362 und
434 1312 699 1371 unterrichtet,
729 1314 801 1358 wic
830 1310 942 1358 kaum
964 1312 1024 1356 ein
1045 1302 1172 1355 Mäds

162 1407 245 1461 <ecn
274 1408 350 1451 ans
380 1403 515 1461 unſern
539 1402 652 1459 erſten
673 1399 839 1456 Zirkeln.
894 1396 980 1454 Jhr
999 1393 1174 1449 Schwcis

179 1485 312 1545 criſh-
343 1478 590 1547 Hochdeutſch
626 1480 738 1536 klang
778 1483 822 1527 in
866 1477 989 1535 ihrem
1030 1475 1172 1525 kleinen

205 1700 243 1742 *)
269 1694 361 1737 Gott
381 1690 542 1737 bewahre.

206 1782 263 1828 «*)
286 1771 552 1824 Leichtfertiges
550 1773 564 1828 ,
572 1764 829 1820 unbeſonnenes
848 1762 1036 1816 Mädchett-

208 1874 285 1920 6%)
310 1866 525 1917 Abendeſſen.

209 1966 252 2010 7)
276 1963 399 2005 Etwas
416 1959 630 2004 Brodrinde.

212 2054 281 2101 T1)
305 2048 535 2100 Buttermilch
553 2051 626 2094 und
646 2045 817 2097 Baobft,
