1318 2366
178 371 257 416 und
280 370 354 416 das
379 355 510 430 ſüßeſte
539 364 740 418 Verlangen
772 366 836 410 der
857 360 1072 420 keuſcheſten
1087 362 1189 409 Licbe

178 448 337 505 funkelte
390 452 429 493 in
480 451 545 492 der
588 441 889 498 veilhenblauen
934 441 1044 499 Tiefe
1086 441 1193 497 ihres

177 523 479 586 ſhmachtenden
506 527 676 576 Blickes.

260 631 289 662 11
305 607 396 662 Laßt
416 612 493 653 uns
513 606 641 662 gehen,
653 610 682 634 ‘
716 604 820 660 ſagte
842 603 887 658 ſie
909 602 1066 657 endlich,
1098 601 1190 657 nah

179 688 244 732 der
264 681 426 740 ſeligſten
451 680 578 742 Pauſe
603 684 747 726 meines
769 678 918 732 Lebens,
952 681 1022 724 wie
1044 681 1120 723 aus
1146 679 1193 722 ei-

180 775 265 811 nem
278 762 453 811 Traume
464 759 649 816 erwacht;
677 763 756 806 und
779 760 831 815 ich
846 757 952 814 ſtand
967 756 1193 813 <weigend

180 842 276 897 auf,
321 844 397 887 und
433 844 524 897 ging
562 851 613 887 an
642 840 762 896 ihrem
786 841 902 886 Arme
936 843 975 885 in
999 843 1057 883 die
1081 837 1196 892 ſtillen

183 923 332 978 Thâler
356 922 488 977 hinab.
549 923 642 968 Wir
666 919 827 967 konnten
852 916 958 964 beide
980 920 1060 963 cine
1085 916 1198 969 lange

181 1006 310 1055 Weile
354 1001 455 1058 niht
495 1001 691 1059 ſprechen,
740 998 781 1055 ſo
814 996 941 1053 wohl,
982 997 1022 1053 ſo
1054 999 1201 1043 unaus-

183 1081 375 1141 ſpre<li<
409 1081 512 1133 wohl
545 1091 626 1127 war
659 1083 748 1124 uns.
829 1080 921 1125 Wir
952 1086 1080 1122 warcn
1122 1075 1201 1130 jeht

183 1168 294 1208 unter
334 1162 515 1208 einander
555 1159 617 1207 als
662 1161 820 1208 Bruder
864 1161 941 1203 und
974 1154 1202 1211 Schweſter.

182 1242 277 1289 Wir
296 1239 425 1293 hatten
448 1243 526 1284 uns
546 1232 646 1291 ohne
664 1236 805 1283 Worte
824 1231 1059 1291 verſtanden,
1122 1232 1204 1279 Die

186 1321 290 1370 Licbe
313 1318 451 1373 bcdarf
481 1319 599 1365 feiner
619 1318 748 1363 Laute.

270 1401 344 1448 Als
376 1403 446 1445 wir
479 1402 542 1444 der
564 1396 780 1451 Wohnung
801 1395 841 1451 *)
872 1398 941 1441 des
967 1394 1120 1441 Vaters
1139 1386 1208 1439 näo

185 1481 254 1536 her
273 1478 427 1526 kamen,
469 1476 608 1534 ſprang
633 1476 790 1526 Mimili
812 1479 986 1528 voraus,
1018 1483 1084 1517 um
1108 1471 1205 1527 mich

188 1557 269 1612 ihm
304 1568 346 1609 zu
378 1553 548 1605 melden;
590 1558 654 1601 der
681 1555 788 1606 Alte,
831 1555 889 1596 ein
912 1550 1066 1603 wahres
1085 1548 1207 1597 Kabi-

191 1627 369 1690 netsſtü>k
386 1643 462 1679 von
475 1631 649 1685 Denner,
680 1629 762 1675 kam
796 1632 871 1673 mir
895 1625 1101 1681 freundlich
1131 1630 1208 1672 ent-

234 1767 272 1813 *)
297 1764 414 1804 Wenn
431 1767 517 1803 man
545 1758 605 1805 ſich
624 1759 697 1800 eine
712 1756 881 1805 lebendige
899 1756 1118 1803 Vorſtellung
1140 1764 1209 1793 von

281 1819 339 1858 der
359 1815 549 1861 Wohnung
571 1812 665 1853 eines
687 1811 811 1853 reichen
834 1810 1211 1858 Schweizerlandman-

283 1870 347 1906 nes
377 1866 515 1908 machen
546 1865 634 1910 will,
663 1855 755 1909 muß
781 1871 863 1904 man
892 1866 956 1903 das
987 1862 1208 1906 vortreffliche

284 1928 395 1969 Blatt
415 1936 481 1966 von
493 1926 607 1966 Rieter
623 1925 676 1971 (la
692 1923 842 1960 maison
855 1922 899 1957 de
914 1933 1055 1969 paysan
1068 1921 1207 1967 snuisse)

287 1996 345 2032 zur
364 1989 469 2037 Hand
489 1986 655 2031 nehmen
641 1982 659 2033 ;
682 1988 718 2026 es
735 1984 834 2030 koſtet
849 1994 894 2030 52
907 1983 972 2025 Liv.
991 1983 1062 2023 und
1083 1981 1120 2029 iſt
1139 1983 1211 2031 19//

287 2044 372 2088 breit
391 2043 463 2084 und
487 2045 556 2089 14!
574 2040 667 2089 hoch.
