2000 2271
710 241 1366 304 A jeder flougt und ſchwuͤrt noh d'raf,
710 299 1319 360 Die Thuͤr iß zwaamauhl ganga af.
710 357 1400 417 Und woͤi mers nau haut roͤcht betracht,
710 414 1388 473 Haut doͤs der Zug von Fenſter g'macht
710 473 1301 530 Oeiz wos iß weiter z'mach'n dau,
710 531 1267 588 Annander hob'ns ausg lacht nau.
710 586 1320 645 Oeiz mach'ns ſchoi die Fenſter zou,
710 644 1316 704 Und lieg'n ſih nohmauhl zor Rouh.
710 700 1317 759 Jn andern Tog nau in der Froͤih
710 759 1281 816 Dau haͤit mer ſolln haͤtern, woͤt
710 817 1294 875 A jeder ſih dau g'lacht haut ſatt,
710 874 1263 932 Und woͤt er haut Coraſch g'hat.
710 928 1437 987 Und wenn mer die ganz G'ſchicht betracht,
710 987 1386 1046 Haut aner nandern forchtſam g'macht.
923 1332 955 1373 i
