2000 2271
655 260 1282 322 M,h freuts, daß ih die Eiher hob,
655 319 1381 380 Jhr ſeyd doch gſund und wuhl? ottlob
655 377 1283 433 Und wos met naa noh ſunſin ſagt,
655 432 1268 489 Und woͤi mer Cumplament'n macht.
655 489 1307 550 Mer iß vergnoͤgt, mer trinkt und ift,
658 545 1358 607 Su, daß mern Schlauff beynah vergißt.
660 603 1383 663 Doch wenn mers halt ſu treibt in d'Lung
661 661 1311 721 Haut g'eſſ'n und niht trunk'n zweng,
661 718 1230 778 So iß nix beſſer als die Rouh,
662 775 1289 834 Und ſu geihts oͤiz dau ah d'raf zou.
662 819 1240 891 Oeiz in an Zimmer liegn zwen,
662 889 1306 947 Der dritt' der mouß dort nuͤber geih
665 944 1278 1006 Oeiz ſchlauffns alli ſchoͤr und gout,
666 1002 1321 1060 Su praͤchti, als mers wuͤnſch'n thout.
669 1058 1244 1120 Wer ſtellt ſih ober doͤs oͤz vuͤr,
669 1116 1306 1176 Ganz deutlih geiht oͤz af die Thuͤr,
670 1172 1340 1234 Horch! ſagt der ah, es kummt jo ans
671 1226 1263 1287 Der ander ſagt; Jh ſiech jo kans
671 1284 1286 1346 Die Thur hob ih wuhl g'haͤtert ah
674 1342 1237 1404 Afmach'n, ſcho a mauhl er zwa.
674 1400 1338 1460 Es iß mei Seel in Haus wos drinn,
676 1456 1227 1514 Su wauer als ih leb und bin!
678 1512 1164 1571 Mir woll'n allizwei afſteih,
678 1567 1329 1627 Und nuͤber g'ſchwind zon Doctor geih.
679 1624 1242 1687 Oeiz kummes halt in vul'n Laf,
680 1678 1345 1734 Und weck'n den von Bett g'ſchwind af.
