1076 1690
12 118 40 179 |
80 113 158 173 on
164 119 230 167 die
237 100 339 181 nicht
347 106 539 188 wenden

21 229 111 273 |...
128 219 261 269 Wenn
270 229 384 278 fchon
397 229 457 269 die
479 215 581 284 wellt
580 225 661 266 und
670 217 824 284 Tenffel
832 215 935 263 all?

80 273 241 325 MMdfem
249 277 569 330 chal/auffeynem
579 273 734 330 hauffen
746 274 905 331 ftünden

47 360 49 363 _
84 317 315 377 Soiftdoch
324 334 389 381 Bey
398 333 457 371 dir
469 328 563 379 troft
577 332 686 369 unnd
694 325 799 388 frijt,
808 324 905 371 Hert

18 385 41 407 |
80 365 205 430 Ibefu
225 365 347 434 Chrift
370 365 433 434 dıs
443 380 556 431 Lanft
573 380 621 430 fie
636 378 907 425 vberwinden»

40 425 354 485 Jchfardabher
362 433 466 476 und
477 432 701 481 wennsleyd
724 441 788 468 wer
813 425 916 485 audh

83 478 276 527 Yderman
282 487 377 538 leyt
388 488 460 538 mir
467 485 571 541 nicht
590 486 691 525 dran,
699 480 755 533 Bey
768 481 829 521 dir
838 476 931 538 laß

85 521 138 586 Ich
162 521 251 586 mich
261 538 408 595 finden,
873 566 912 577 en

136 631 202 676 Ze
214 639 353 694 Enmpt
365 634 434 683 der
443 641 515 692 tag
522 640 606 681 und
616 636 664 690 ft
679 636 781 680 nicht
790 637 912 697 wert?

78 676 147 721 der
156 686 281 743 Bringt
289 696 389 744 earoß
397 694 478 745 leyd
488 698 582 734 /den
590 693 651 732 die
659 689 736 741 fich
745 686 911 751 yerstlan

94 732 177 798 (Dre
205 740 279 786 Fe.
298 746 380 787 Ond
391 745 557 797 alauben
566 743 713 792 nichtin
721 740 819 789 difer
825 745 915 781 not7

85 789 127 828 U
135 787 221 845 dich
230 805 254 837 o
265 798 386 841 Bott
392 796 498 844 wirft
510 797 544 846 jr
556 792 788 845 (halcheyt
802 787 912 840 auff?

117 839 234 885 een,
242 847 341 888 Ond
357 847 514 899 ffraffen
528 847 602 899 fie,
609 855 755 894 ymmer
762 844 913 904 vonder

37 936 40 942 ‚
90 890 453 950 Ruchewigklich
420 890 449 955 ©
464 893 915 955 SotthiümichinChäs

38 933 147 999 fo
156 945 443 1007 aufferwecken.
701 951 950 989 N

103 1039 209 1085 Dir
226 1051 300 1093 wirft
348 1054 487 1102 helffen
502 1052 582 1103 anß
595 1051 686 1094 aller
700 1047 816 1101 quel,
824 1047 915 1089 dem

16 1106 35 1145 #
91 1077 219 1168 Sfiael
226 1115 243 1141 4
372 1053 513 1148 a
522 1106 612 1146 wirt
630 1104 704 1145 dein
723 1096 800 1158 Lage
835 1100 925 1142 Und

10 1160 53 1184 |
92 1146 198 1196 Wirft
206 1155 414 1199 verdamen
420 1158 537 1201 durch
546 1158 634 1198 dein
649 1146 753 1204 recht,
766 1158 830 1193 Das
839 1161 921 1204 Hot

94 1186 155 1232 108
163 1199 345 1251 fchlecht
354 1211 438 1251 „die
447 1220 519 1260 verz
529 1220 581 1250 an
594 1209 654 1248 dir
662 1208 862 1267 versagen.
873 1203 920 1264 ©

93 1232 210 1325 Barct
211 1265 247 1310 er
275 1257 360 1306 Got
389 1248 458 1316 err
462 1257 708 1311 Sebaoth,jch
717 1265 792 1301 wit
800 1252 848 1302 30
856 1254 919 1310 Dir

87 1289 141 1349 ©
154 1297 247 1346 dert
260 1309 362 1364 hilff
370 1315 471 1359 mir,
483 1313 544 1366 jch
560 1311 656 1356 wils
670 1308 744 1364 frey
755 1303 931 1369 dapffer

92 1346 243 1402 Wagen,
258 1404 261 1412 S
398 1407 400 1411 .
683 1357 725 1408 zZ
747 1369 807 1412 35

439 1587 465 1649 Ss
