1502 2525
178 209 260 250 von
280 199 357 253 den
375 198 613 261 erbſHafien
635 212 709 252 one
726 202 849 261 lezten
868 203 1013 253 willen.
1037 207 1087 257 65

144 291 293 342 dungen,
319 287 510 341 vâterlichen
527 296 756 343 teſtamenten
749 295 766 347 ,
792 296 866 337 oder
882 298 961 347 \dnſ
983 297 1083 346 durch

142 336 302 394 geſchenke
341 356 382 385 2c.
416 349 607 395 zuagcordnet
644 350 775 388 worden
809 350 875 399 iſt
867 343 889 400 ,
911 345 1079 396 begnügen

141 396 258 447 laſſen,
283 392 411 447 Lünez
433 390 495 438 von
522 403 577 439 der
594 398 797 440 ruttelbaren
816 404 890 441 oder
910 397 1076 451 landſaſſi-

141 461 202 500 gen
218 446 407 506 ritterſchaft
425 459 456 497 in
473 456 723 506 Teutſchlande,
739 458 762 506 \.
780 460 861 506 1567
878 457 927 506 fg.

532 547 555 583 $
604 552 679 583 30oIT

190 578 266 625 Bei
283 580 538 629 kunkel-lehnen,
565 588 617 619 wo
634 582 689 620 der
705 580 917 623 unmittelbar
931 581 998 631 auf
1008 583 1073 624 ein-
1085 578 1134 622 die
1142 588 1283 626 ſchweſter:

140 634 241 674 ander
261 636 405 683 ſolgende
423 634 681 684 manné-ſtamm
697 637 848 683 erloſchen
863 638 911 687 iſ,
938 639 1005 678 und
1021 638 1069 678 ein
1087 622 1150 701 fine
1165 630 1281 703 Aebóren

140 683 383 734 ſc{weſter-
338 681 388 737 ſn
416 686 475 734 ſich
506 684 679 732 vorfindet,
705 682 835 732 gehöret
866 688 963 734 dieſer
997 695 1070 736 zum
1089 699 1190 726 manus
1203 699 1282 732 ſtam-

140 739 414 788 manns-ſtamme
439 740 496 777 des
518 739 618 785 erſten
648 741 829 779 erwerbers
858 741 941 785 nichr
964 745 1069 790 mehr,
1089 750 1141 775 me.

138 788 314 835 Böhmer
331 795 374 829 7.
393 797 405 828 1
423 796 455 829 P.
472 791 652 829 [ſconſult.
669 795 715 835 $6
731 802 823 830 tn.
841 805 879 839 45
899 794 944 832 fa.
958 792 980 838 ﬅ.
999 801 1069 838 413,

139 836 271 882 ſondern
294 841 359 877 das
381 837 579 888 kunkel-lehn
596 838 699 887 auſſer
738 830 892 893 Sachſen,
913 829 1070 892 erreichet

140 893 299 943 nunmehr
323 893 403 943 ſeine
428 893 536 942 kraft;
565 895 719 943 hingegen
739 896 770 936 in
788 894 966 945 Sachſen,
993 899 1069 938 oder

140 952 184 982 an
198 953 285 987 orten
302 948 368 986 und
386 949 483 988 enden
501 942 719 999 Säch“iſchen
736 949 855 995 rechtes
872 949 904 990 in
921 947 1068 997 rückſicht

141 995 205 1040 auf
222 999 272 1036 die
293 998 407 1044 ſeiten
395 1002 410 1048 -
419 998 644 1045 verwoandten,
663 998 733 1039 tritt
754 1000 802 1038 dic
819 999 959 1046 geſamte
976 998 1066 1048 hand

143 1050 217 1090 aum
247 1047 360 1097 behufe
384 1050 439 1089 dex
469 1046 692 1097 mitbelehnten
724 1051 793 1098 ein,
818 1038 960 1099 freiherr
988 1059 1068 1089 von

143 1098 390 1148 Senkenberet
413 1101 445 1140 in
472 1100 532 1138 den
567 1103 678 1148 primis
709 1104 798 1138 lineis
826 1105 905 1139 iuris
932 1103 1069 1141 fendalis

141 1151 221 1186 Part.
239 1154 266 1185 Il
283 1145 416 1201 cap,
380 1152 418 1204 XI
441 1151 461 1199 $
480 1152 581 1199 302
557 1152 583 1206 \.
598 1163 668 1198 337,
692 1152 863 1195 Samuel
880 1155 1006 1204 Stryk
1029 1156 1070 1193 de

142 1195 334 1233 ſucceſſione
361 1204 392 1235 in
416 1201 517 1234 feudo
544 1203 689 1234 maſculis
713 1212 743 1236 ct
762 1200 892 1236 feminis
915 1200 1068 1238 conceſſo

141 1261 217 1300 cap.
242 1257 289 1292 II
311 1267 403 1298 num.
428 1270 463 1302 17
491 1256 540 1306 fg.
569 1257 679 1308 Kurz!
702 1257 750 1300 bei
774 1260 834 1299 den
849 1259 1068 1306 ſtamm-und

142 1303 228 1353 lehn-
239 1301 371 1356 gütern
362 1312 379 1360 ,
396 1310 481 1349 wird
513 1311 579 1348 eine
601 1307 683 1353 nicht
713 1308 954 1356 unterbrochene
979 1309 1066 1358 folge

145 1352 200 1393 der
218 1362 353 1396 manns-
363 1361 513 1407 perſonen
536 1359 684 1409 erfodert.
741 1359 873 1408 Daher
903 1370 999 1400 wenn
1024 1360 1067 1408 je-

143 1414 244 1453 mand
267 1416 335 1455 eine
356 1415 470 1460 tochter
494 1412 659 1465 verläſſet
650 1412 666 1469 ,
681 1416 730 1457 die
748 1419 838 1457 einen
854 1416 942 1466 ſchon
960 1418 1069 1467 erzilet

143 1456 223 1509 hat
211 1455 223 1512 ,
249 1462 328 1510 diſex
352 1463 459 1503 keinen
490 1460 606 1511 fürzug
631 1464 699 1512 hat.
776 1462 994 1513 Derowegen
1017 1465 1069 1507 die

144 1510 317 1562 freißerren
356 1522 419 1556 von
446 1512 613 1565 Thüngen
644 1524 756 1564 wegen
786 1517 849 1557 irer
880 1517 1069 1569 Fuldiſchen

141 1562 252 1611 lehnen
275 1566 481 1616 hergebracht
504 1566 630 1616 haben
624 1568 645 1621 ,
665 1567 731 1615 daß
754 1568 863 1609 bisher
886 1570 961 1617 noch
980 1569 1068 1610 keine

140 1615 265 1668 tochter,
292 1620 365 1658 oder
381 1621 475 1660 deren
493 1620 545 1667 ſon
560 1630 617 1669 zur
635 1617 806 1674 lehusfolge
826 1619 961 1674 gelanget
991 1622 1042 1668 iſk.

517 1716 539 1749 S
598 1724 679 1754 3912

191 1743 338 1795 Inhalts
353 1748 410 1787 der
423 1746 601 1795 Teutſchen
618 1747 737 1796 rechte
727 1746 740 1800 ,
755 1751 836 1791 leget
851 1748 910 1798 ſich
925 1750 975 1791 bei
992 1750 1065 1795 dem
1086 1753 1128 1785 die
1141 1755 1266 1796 erbkchaſe

138 1800 340 1851 ritterſtande
370 1806 436 1843 einc
468 1806 625 1853 dreifache
658 1795 810 1851 erbſchaft
834 1807 907 1846 dar.
958 1807 992 1850 1
1016 1807 1064 1848 die
1085 1791 1124 1867 bel
1138 1795 1270 1871 me

139 1851 235 1896 lehn-
265 1853 304 1894 2)
320 1851 369 1889 die
388 1852 713 1898 ſtiamin-
541 1850 616 1899 guts
623 1852 641 1897 -
651 1848 709 1897 und
737 1854 768 1898 3)
784 1852 833 1890 die
849 1853 954 1900 eigen-
969 1853 1067 1898 (allos
1088 1862 1133 1894 lei.

139 1900 248 1947 dial-)
265 1899 438 1949 erbſchaft
438 1900 451 1950 ,
465 1893 578 1941 welche
601 1903 688 1945 wohl
706 1910 768 1943 von
784 1902 936 1943 cinander
949 1912 989 1952 zu
1007 1913 1070 1944 un-

138 1950 320 2000 terſcheiden
344 1951 429 2001 ſimdz
457 1942 669 2002 abſonderlich
692 1953 736 1994 da
761 1951 841 2000 nach
857 1953 1066 2003 masgebung

139 2006 193 2047 der
210 2007 388 2055 Teutſchen
407 2007 524 2053 rechte,
551 2010 605 2049 der
624 2010 727 2061 vaſall
743 2011 818 2052 oder
833 2002 1067 2061 ſtamms
977 2011 990 2061 -
1006 2002 1067 2061 fol-

138 2062 194 2098 Her
219 2063 263 2101 im
288 2060 393 2109 lehne,
417 2061 491 2100 oder
507 2060 733 2110 ſtamm-gute
750 2061 832 2108 nicht
850 2063 922 2103 dem
937 2065 1069 2114 leztver-

134 2097 312 2166 ſterbenen,
332 2103 467 2163 ſondern
484 2108 557 2153 dem
573 2111 672 2163 erſten
688 2111 847 2156 erwerber
862 2114 970 2164 folget,
986 2115 1068 2157 auch

187 2166 218 2203 II
237 2171 310 2209 reil,
695 2169 726 2214 E
1005 2174 1061 2213 der
