1502 2525
192 222 272 262 von
290 212 364 264 den
381 215 621 275 erbfehaften
640 226 714 266 dne
731 219 851 279 lezten
870 223 1012 274 wihen.
1030 229 1085 283 67

159 303 259 355 Job:
291 312 403 358 Deter
425 325 502 355 von
526 316 710 366 Zudewig
733 314 773 353 de
797 319 996 367 obligatione
1020 320 1087 359 fıc-

158 358 337 400 cefloris,in
357 370 552 416 principatus
568 378 600 404 et
619 367 789 406 clientelas,
828 369 954 419 Aydem
971 376 1087 416 wurde

157 409 215 450 Des
236 422 347 455 vaters
363 417 614 467 unbereglicher
633 418 757 458 ertverb
773 424 839 462 und
856 426 1027 476 eigentum,
1054 428 1085 476 fü

155 459 231 502 bald
251 473 284 505 es
301 469 365 517 auf
380 472 437 509 den
453 472 514 518 fon
529 471 598 518 file,
624 469 829 519 framm-gut,
882 475 1017 519 Damit
1040 479 1085 518 ie

154 512 228 561 doch
242 518 296 558 der
313 518 501 562 Yribonian
519 522 569 561 die
584 519 746 568 oberhand
762 526 843 573 nicht
858 526 993 579 behalte,
1013 531 1081 571 und

154 563 212 605 den
236 569 338 612 Hohen
361 576 427 613 und
453 573 597 618 nidrigen
614 573 685 611 adel
702 574 846 619 Hirunter
861 579 943 624 nicht
965 582 1080 624 weiter

153 616 322 672 entfräfte,
346 626 408 663 wie
435 623 623 664 Griebner
646 626 723 663 und
738 626 965 679 Daftineller
981 635 1080 674 allbes

150 671 209 710 veit
231 672 410 717 beobachtet
436 672 562 723 haben;
587 675 616 721 fo
640 675 677 720 if
701 681 844 731 vatfam,
871 684 927 732 -fich
953 688 1009 724 Des
1034 686 1078 725 ee

149 728 248 764 Genen
265 727 321 765 Des
337 725 553 774 verftorbenen
571 734 609 775 zU
626 728 797 779 enthalten,
823 735 955 783 welches
973 736 1076 786 fedoch

149 769 197 813 bei
215 777 273 814 den
297 772 414 825 fürften
432 777 491 815 mit
506 779 561 815 der
577 777 674 819 ats
684 779 838 832 erbichaft
853 787 934 831 nicht
950 799 987 837 3U
1004 797 1077 830 vers

148 830 283 873 mengen
308 828 361 876 ift,
394 828 614 875 ZDurchardtr
641 837 702 889 am
729 842 763 871 a.
798 844 828 873 od.
881 838 977 885 Daß
1001 842 1081 883 aber

149 873 203 917 der
220 879 289 928 fon,
308 881 368 921 mit
384 883 584 933 weglaffung
600 885 656 925 des
666 884 855 930 väterlichen
864 888 1076 948 eigentumes,

148 924 193 965 im
217 932 305 978 Ichne
329 934 433 982 folgen
458 931 575 985 Fönne,
601 937 715 986 folches
739 936 844 987 haben
862 938 1075 988 Rofentbal

146 981 211 1018 Und
228 987 328 1027 andre
346 990 429 1029 beim
445 988 578 1035 Barth
599 988 736 1027 diflenlu
762 994 795 1027 in
815 997 909 1052 praxi
920 996 996 1039 460
1013 999 1035 1040 $
1054 1006 1078 1033 2

146 1035 364 1084 ANgezogenen
383 1043 446 1082 alte
463 1044 528 1083 und
545 1053 623 1084 neue
632 1043 785 1095 civiliften
800 1045 865 1086 wol
883 1044 1076 1097 eingefehen,

516 1141 538 1183 $
597 1151 673 1188 3013

195 1178 280 1224 Der
302 1193 408 1236 grund
431 1195 485 1234 der
511 1193 691 1245 DZeutfehen
707 1193 847 1245 erbfolge
862 1195 910 1239 bei
929 1199 1002 1241 dem
1021 1199 1077 1250 bo

143 1224 203 1273 Ben
223 1238 284 1275 und
301 1244 429 1286 niedern
447 1247 518 1286 adel
535 1247 627 1297 rußet
653 1248 725 1288 teils
750 1250 814 1295 auf
827 1251 881 1290 der
910 1253 1082 1302 erhaltung

168 1288 200 1320 e5
216 1290 435 1346 Sefchlechtes,
461 1297 577 1348 sEftor
595 1302 634 1336 de
652 1301 874 1350 partitionibus
898 1313 1005 1363 terrar,
1035 1305 1078 1340 ill.

214 1350 245 1387 5,
269 1345 341 1385 feils
369 1349 400 1388 in
420 1349 621 1399 Beforgung
645 1353 699 1392 der
718 1352 940 1400 erfoderlichen
956 1355 1079 1414 Friges;

141 1380 244 1434 burg:
261 1403 374 1437 amts-
391 1402 510 1452 dinftes
535 1405 635 1453 daher
652 1405 715 1445 das
732 1404 891 1452 weibliche
913 1408 1079 1455 gefchlecht

140 1442 203 1475 Nur
238 1444 281 1484 im
311 1456 440 1498 mangel
470 1458 526 1494 des
563 1462 694 1496 manns-
712 1442 865 1510 ftammes
896 1456 1076 1516 zugelaffen

139 1492 263 1542 wurde,
288 1496 464 1545 BShmer
478 1507 541 1545 vol.
561 1508 625 1543 IP.
646 1511 675 1543 1
693 1507 885 1553 confult.
850 1503 886 1565 86
902 1522 994 1562 num.
1010 1525 1073 1565 47,

190 1552 293 1596 Orge
310 1552 495 1606 Zudewig
510 1555 707 1603 Böhmers
726 1561 806 1610 Ddifp.
832 1562 871 1599 de
891 1567 1013 1601 iuribus
1032 1577 1076 1601 ex

136 1588 215 1628 ftatur
239 1603 368 1638 militari
394 1616 456 1641 vet.
480 1609 589 1644 Germ.
614 1611 763 1658 pendent,
787 1614 809 1662 f;
842 1626 891 1662 47
907 1646 918 1665 ,
956 1616 1077 1663 mithin

135 1638 252 1705 folgten
276 1651 325 1690 die
350 1655 468 1696 weiber
489 1661 556 1698 und
581 1662 736 1711 geiftliche
759 1675 822 1704 nur
844 1671 909 1705 aus
932 1660 1075 1726 gnaden,

181 1697 329 1741 Sbhmers
346 1705 426 1752 difp.
445 1709 467 1755 f.
486 1712 549 1759 63;
576 1712 756 1760 difemnach
773 1716 823 1752 die
842 1714 937 1759 durch
955 1716 1004 1753 die
1015 1718 1075 1756 all

131 1752 274 1790 Gemeine
296 1755 475 1805 erfahrung
500 1756 652 1807 beftärkte
672 1765 757 1809 regel
779 1763 895 1812 Ichret,
923 1764 990 1813 daß
1016 1768 1073 1811 der

131 1803 388 1847 Mmanns-ftamm
398 1808 456 1848 Den
467 1812 752 1861 weibes-perfonen
770 1813 800 1852 in
811 1815 866 1854 der
877 1816 1072 1870 lehns-auch

130 1846 444 1903 framm-guts-folge
457 1861 612 1908 vorgehe,
640 1870 734 1901 wenn
748 1864 846 1913 gleich
871 1869 920 1910 ein
938 1874 1073 1922 unfteite

129 1897 230 1944 friges
245 1900 439 1953 FunFel-Iehn
459 1911 646 1956 vorhanden
663 1912 710 1962 ift,
723 1915 829 1963 nichts
840 1920 1072 1977 deftotveniger

128 1950 213 1989 wird
231 1957 409 2002 vermutet,
435 1957 500 2002 daß
518 1966 553 1999 es
573 1963 774 2020 fucceffidum
797 1974 864 2014 und
889 1978 971 2025 nicht
993 1990 1071 2029 Proz

128 2003 283 2052 mifcuum
301 2005 360 2054 fei,
383 2006 604 2065 Gundlings
624 2016 832 2073 Erläuterung
858 2028 914 2070 des
931 2031 1070 2078 berichte

127 2058 237 2102 wegen
261 2056 463 2109 YNeufehatel
478 2064 499 2112 f.
516 2077 558 2114 45
576 2067 643 2121 fa.
636 2056 653 2131 ,
671 2072 843 2122 WMSlers
869 2081 942 2120 vlus
968 2087 1069 2131 prakt.

125 2101 256 2148 diftinc,
273 2110 395 2154 feudal,
412 2114 433 2168 f.
448 2127 514 2167 325,
544 2119 677 2221 Sl
695 2129 782 2179 dann
799 2133 880 2183 auch
896 2136 959 2186 dife
974 2137 1065 2185 Jehre

655 2190 672 2215 2
997 2189 1061 2233 mit

1099 1211 1209 1242 worauf
1224 1213 1271 1246 der
1308 1220 1313 1226 >

1103 1253 1189 1280 arund
1209 1253 1253 1282 der

1106 1286 1249 1323 Teutfchen

1104 1325 1222 1364 erbfolge
1239 1328 1279 1360 be:

1102 1367 1203 1400 rüber?
