1502 2525
177 207 258 246 von
279 195 355 248 den
374 193 612 255 erbfßaften
634 206 708 245 one
725 196 848 256 fezten
868 194 1012 244 willen.
1036 197 1085 248 65

144 292 291 345 dungen,
319 293 509 343 vaterlichen
527 296 755 342 teftamenten
791 295 866 334 „oder
883 294 961 343 fönft
984 293 1081 347 Durch

143 349 301 396 GefchenFe
341 361 381 388 2c.
416 352 606 398 zugeordnet
644 349 774 386 worden
809 347 874 395 ift,
911 344 1077 392 begnügen

142 400 257 450 laffen,
283 396 411 451 Zünier
434 410 495 440 von
522 404 577 439 der
594 397 797 438 mittelbaren
817 401 890 438 oder
910 396 1075 448 Iandfayliz

141 460 201 498 gen
218 453 406 503 ritferschaft
425 456 455 493 in
473 450 722 500 VYeutfehlande,
739 450 861 498 {1567
879 451 926 499 fg.

306 560 308 563 :
532 535 553 575 SS
603 539 678 574 3011

190 580 265 626 Bei
283 583 537 631 Funkel-Iehnen
528 580 544 631 ,
565 590 615 619 wo
634 582 688 620 der
705 581 915 621 unmittelbar
931 581 996 629 auf
1008 581 1072 620 einz
1093 584 1133 629 die
1142 584 1282 629 fhwefer:

140 634 241 673 änder
261 636 405 682 folgende
423 632 680 681 manne-ftamım
697 634 848 680 eriofchen
863 634 911 682 ift,
939 635 1004 672 und
1021 634 1069 671 ein
1092 623 1150 690 re
1166 626 1281 657 gehören

158 695 165 701 ;
294 698 300 707 %
556 684 646 706 a
746 680 803 706 VAT
893 689 896 694 Cat
1027 698 1032 703 a
1104 667 1162 692 UChE
1178 671 1236 698 zum

140 683 382 733 fchwefter
325 683 388 738 fen
415 684 474 732 fich
505 685 678 730 vorfindet,
704 693 834 730 gehöret
866 687 960 732 Diefer
997 696 1069 734 ZUM
1089 706 1189 731 mannuz
1202 703 1280 738 kam:

140 739 413 787 Mmanns-ftamme
438 735 494 773 des
518 735 617 781 erften
647 736 828 775 ertverbers
858 738 940 781 nicht
965 738 1067 785 mehr,
1088 744 1139 768 me.

139 784 314 832 Böhmer
331 791 374 823 T.
394 787 454 820 IP.
473 785 652 827 Mconfult.
670 789 715 828 86
731 796 823 825 num.
841 802 879 835 45
899 791 944 836 fa.
958 791 980 837 f.
999 792 1069 839 413,

139 840 269 885 fondern
294 843 358 879 das
382 837 577 887 Funkellehn
596 839 698 888 auffer
717 836 897 891 Sachfen,
922 843 1069 884 erreichet

140 894 298 943 nunmehr
323 893 402 941 feine
428 892 535 941 Fraftz
564 893 718 942 hingegen
739 893 769 931 in
788 889 965 939 Sachfen,
992 894 1068 932 oder

140 951 184 982 an
198 955 285 987 orten
302 949 368 987 und
387 947 483 987 enden
501 940 719 995 Sächfifchen
737 944 855 990 rechtes
872 943 904 982 in
922 939 1068 991 ruckfiche

141 997 205 1041 Auf
222 999 271 1038 die
293 1002 406 1047 feiten
419 1001 642 1048 vertwandten,
663 1000 732 1039 tritt
754 999 802 1038 die
817 997 959 1046 gefamte
976 996 1065 1045 hand

142 1052 216 1091 zum
246 1050 359 1101 behufe
383 1055 437 1092 der
468 1050 691 1100 mitbelehnten
723 1053 792 1099 ein,
826 1050 959 1099 Freiherr
988 1058 1067 1086 von

143 1094 389 1155 Sentenberer
413 1106 444 1143 in
473 1105 531 1142 den
568 1107 678 1151 primis
709 1105 798 1138 lineis
826 1107 904 1138 iuris
933 1101 1067 1138 feudalis

141 1146 221 1183 Part.
239 1153 266 1186 I_
283 1165 354 1203 cap,
373 1159 415 1192 XI
441 1155 460 1203 $
480 1167 544 1202 302
559 1156 580 1203 f.
598 1166 667 1200 337,
693 1153 862 1194 Samuel
880 1152 1006 1202 StryE
1029 1154 1070 1190 de

141 1195 333 1241 fücceflione
360 1212 390 1244 in
416 1207 516 1244 feudo
544 1206 688 1242 mafenlis
712 1219 742 1242 et
761 1205 891 1241 feminis
914 1204 1067 1242 conceflo

142 1255 215 1294 Cap.
243 1253 288 1313 II.
305 1268 402 1300 .num.
428 1273 461 1305 17
492 1260 539 1309 fo.
569 1258 678 1308 Kurz!
702 1257 749 1298 bei
774 1258 832 1297 den
852 1253 963 1313 framm
988 1259 1067 1297 und

142 1300 228 1348 lehnz
239 1314 371 1360 gütern,
396 1314 481 1358 wird
513 1313 579 1352 eine
601 1311 683 1357 nicht
713 1309 954 1356 unterbrochene
979 1310 1066 1358 folge

145 1350 199 1392 Der
217 1366 352 1402 manns;
362 1366 511 1414 perfonen
535 1364 683 1415 erfodert,
741 1363 871 1411 Daher
903 1371 998 1401 wenn
1023 1362 1066 1409 jez

143 1409 243 1447 Mand
268 1413 334 1454 eine
356 1417 469 1461 tochter
494 1414 658 1465 verläffet,
681 1416 730 1455 Die
748 1416 837 1455 einen.
854 1413 941 1462 fehon
960 1414 1067 1463 erzilet

144 1453 222 1517 Bat,
249 1462 328 1511 difer
353 1468 459 1508 Feinen
490 1464 605 1517 fürzug
631 1469 698 1518 hat.
776 1465 993 1514 Derowegen
1017 1466 1069 1507 die

160 1512 316 1558 Yeiberren
355 1526 418 1558 von
445 1516 612 1568 Fhlüngen
643 1529 755 1568 wegen
785 1520 848 1559 irer
879 1517 1068 1567 Fuldifchen

141 1557 250 1606 lehnen
275 1568 480 1618 Hergebracht
504 1572 630 1621 haben,
665 1571 730 1618 daß
754 1571 863 1621 bisher
886 1571 960 1618 noch
980 1571 1067 1611 Feine

140 1612 265 1667 tochter,
292 1622 365 1661 oder
381 1624 474 1662 deren
493 1624 545 1671 fon
560 1633 617 1672 zur
635 1624 811 1673 Fehnsfolge
825 1626 976 1671 gelanget
991 1623 1042 1669 ff.

515 1705 538 1745 $
597 1713 678 1747 3012

163 1795 167 1802 —
191 1744 338 1795 Inhalts
353 1750 409 1789 der
423 1748 600 1797 Deutfehen
618 1751 736 1797 vechte,
755 1751 835 1793 Teget
851 1745 910 1793 fich
925 1746 974 1786 bei
992 1746 1064 1788 dem
1085 1748 1126 1793 die
1141 1750 1264 1792 erbfhafe

139 1799 340 1845 titterftande
370 1802 443 1847 eine
468 1802 625 1849 dreifache
658 1799 810 1846 erbfchaft
834 1800 907 1838 dar.
958 1800 992 1845 1)
1016 1802 1064 1841 die
1082 1782 1124 1867 ee
1139 1792 1197 1822 dem
1207 1795 1270 1862 Al

139 1847 235 1892 JIchnz
265 1850 303 1891 2)
320 1850 369 1888 die
388 1851 713 1897 framm-guts-und
736 1850 768 1894 3)
784 1849 833 1888 die
849 1852 953 1897 eigen:
969 1855 1066 1898 (allos
1088 1865 1132 1898 1ei.

138 1897 247 1943 Diaz)
265 1897 437 1946 erbfchaft,
463 1899 577 1944 welche
600 1901 687 1946 wohl
705 1909 767 1940 von
783 1902 935 1945 einander
949 1916 988 1955 zu
1006 1918 1069 1948 unz

138 1949 320 1999 terfcheiden
344 1949 429 1998 finds
457 1949 668 2002 abfonderlich
691 1949 736 1993 da
761 1954 841 2003 nach
857 1959 1077 2007 masgebung‘

139 1998 193 2039 der
210 2000 388 2047 Deutschen
407 2000 524 2051 rechte,
551 2003 605 2043 Der
624 2006 725 2055 vafall
742 2008 817 2048 oder
834 1995 988 2065 framm62
1005 2001 1067 2061 fol

137 2058 193 2094 ger
218 2058 262 2096 im
287 2056 392 2106 Iehne,
416 2055 490 2094 dder
510 2055 644 2112 ftammz
659 2067 732 2107 gute
749 2062 831 2108 nicht
849 2065 921 2104 dem
936 2066 1068 2115 leztverz

138 2101 311 2160 forbenen,
337 2111 467 2162 fondern
484 2108 556 2151 dem
573 2111 671 2161 erften
688 2114 846 2157 erwerber
862 2117 970 2167 folget,
986 2110 1067 2163 auch

187 2159 218 2194 I
237 2167 310 2204 teil,
695 2167 726 2211 €
1005 2171 1061 2208 Der
