1461 2525
260 224 464 283 maffopei
480 226 565 275 und
581 228 862 290 gemarfchaft.
957 204 1044 290 m

106 317 145 362 1)
166 320 229 361 das
254 322 438 374 abfterben,
465 325 512 370 2)
536 326 585 365 die
612 321 882 380 auffündigung,,
908 332 1045 379 welches

106 367 138 407 in
156 373 210 413 der
220 374 616 425 gefellfchafs-handelung
635 375 694 424 fich
709 383 956 431 vorzubehalten
975 392 1044 426 vat-

105 420 173 466 famı
192 427 258 476 if),
285 430 325 474 3):
353 437 448 467 wenn
470 430 520 469 die
534 429 621 479 fache
642 437 682 477 zu
697 434 820 476 grunde
836 437 946 494 gehe,
970 448 1043 487 con

104 470 233 527 fifeiret,
258 481 374 519 cedivet
397 481 503 529 wird,
525 482 572 528 4)
600 488 694 518 wenn
715 481 778 539 das
801 487 940 537 gefchaft
965 493 1043 530 volle

105 522 233 581 bracht‘,
249 533 324 573 oder
351 533 395 579 5)
411 533 461 573 die
479 533 539 583 zeit
554 531 715 580 verfloffen
732 533 782 581 ift.
954 551 961 556 .

500 615 522 656 $:
572 615 671 657 4800

175 671 256 716 Die
280 674 479 723 Fauf-diner
504 675 633 713 werden
665 667 850 726 “anfänglich
873 682 905 722 in
930 686 1035 733 gefell
1056 691 1108 730 auf
1119 697 1180 724 was
1195 699 1285 727 art

103 718 199 773 (haft
214 736 424 774 genommen,
440 735 498 764 um
514 726 562 766 die
580 726 677 773 reifen
694 736 733 776 zu
754 735 823 769 fun.
877 733 1034 785 Sernach
1055 745 1095 775 die
1104 745 1251 783 kauf-diner

94 768 284 817 bekommen
302 778 341 824 fie
358 779 447 817 einen
464 778 616 825 geringen
626 779 775 830 gewinft,
827 781 963 835 Endlich
978 791 1035 835 teiz
1061 794 1134 834 birzu
1152 797 1224 829 koms

103 821 150 867 len
167 828 207 878 fie
227 830 287 869 mit
303 831 362 869 den
379 829 503 878 herren.
1057 846 1145 879 ma?

198 936 200 938 ;
494 909 516 952 S$.
567 914 657 956 4801

176 964 256 1010 Die
273 965 374 1015 Fauf
382 967 448 1007 und
465 967 729 1021 Handels-Ieute,
747 970 910 1021 wechfeler
918 984 958 1015 ze;
975 975 1037 1024 Haz
1057 989 1112 1013 von
1121 986 1170 1017 den
1178 987 1236 1020 bör:

102 1006 158 1055 ben
176 1019 208 1057 in
227 1021 334 1069 grofen
353 1006 643 1079 handels-fkadten;,
668 1023 748 1071 auch
763 1025 849 1075 wohl
869 1028 914 1067 ire
931 1026 1037 1079 befonz
1065 1035 1118 1074 fen,

103 1059 171 1108 dere
197 1080 280 1122 orte,
304 1071 401 1113 allıvo
424 1073 465 1123 fie
488 1075 675 1124 zufammen
700 1077 865 1130 Fommen,
892 1089 954 1122 von
971 1083 1038 1125 iven

102 1112 260 1163 Bandels-
278 1126 548 1174 angelegenheiten
570 1127 629 1176 fich
655 1131 715 1171 mit
737 1133 890 1174 einander
914 1133 1038 1185 befdres

101 1165 183 1228 Den,
207 1178 273 1215 und
290 1178 408 1217 allerlei
422 1179 552 1228 verFehr
566 1182 727 1229 anftellen.
751 1174 775 1238 .
780 1184 955 1234 Dife-orte
969 1191 1039 1241 und

101 1221 189 1273 Bläze
210 1229 338 1268 werden
363 1224 492 1280 börfen,
515 1232 628 1283 Iogen,
657 1234 785 1283 wechfel
804 1253 807 1272 :
815 1232 907 1288 pläze
924 1251 964 1279 2.
981 1240 1062 1288 ges.

103 1276 223 1327 Nehnet,
233 1280 417 1320 Ludovici
427 1283 471 1322 im
481 1283 795 1335 Faufmanns-lexico
805 1290 819 1331 I
830 1289 877 1338 fp.
888 1300 976 1347 1908
985 1293 1035 1343 fs

339 1350 341 1355 }
1015 1347 1018 1370 |

188 1378 295 1430 Bon
312 1377 382 1428 der
402 1381 704 1440 commiffions;
714 1366 950 1448 Handelung

472 1465 495 1514 $
546 1476 641 1518 4802

120 1527 254 1577 ‚Die
284 1527 501 1594 commiffions
517 1527 728 1594 -Bandelung.
742 1537 799 1589 ift,
829 1547 925 1583 wenn
948 1551 1029 1584 Man.
1053 1564 1114 1592 was
1126 1561 1165 1593 die
1178 1569 1243 1594 com

103 1564 157 1632 für
167 1583 267 1622 andre
281 1584 516 1632 Handels-leute
532 1589 589 1628 den
606 1589 724 1638 Handel
740 1601 796 1631 um
812 1594 940 1643 gewiffe
954 1606 1029 1641 pro
1044 1593 1245 1656 miflions-hans

125 1624 196 1688 ifion
214 1637 396 1678 verwaltet.
449 1637 560 1688 Difer
579 1640 673 1690 Heifet
692 1643 814 1694 factor,
837 1647 1027 1697 commiffis,
1050 1664 1146 1704 delung
1162 1665 1217 1705 ift
1206 1653 1217 1705 ?

124 1684 233 1731 Arlus,
252 1688 507 1740 Niarpergers
524 1692 747 1742 Faufmannss
755 1698 912 1748 magazsin
932 1706 1026 1742 unter

124 1728 194 1792 lem
216 1746 328 1782 worte.

480 1794 519 1854 $.
553 1803 644 1843 4803
1283 1864 1286 1866 |

171 1851 251 1900 Die
273 1860 434 1912 prodifion
458 1860 497 1910 ift
519 1873 554 1910 1,
579 1873 620 1912 2,
636 1862 717 1911 auch
734 1863 826 1914 mehr
850 1871 926 1906 vom
944 1879 1022 1908 106]
1045 1873 1086 1904 die
1093 1873 1237 1914 provifion.

542 2005 689 2046 DO

548 2171 629 2216 Eec
653 2185 675 2212 2
924 2172 1025 2233 Acht
