1489 2526
92 962 228 1038 Niches
251 990 358 1038 Defjers
383 995 466 1048 Fanft
484 1002 525 1038 du
540 1009 614 1057 fun,
641 1010 699 1046 das
716 1010 800 1047 deine
816 1010 923 1056 fpökter
940 1012 1088 1064 fühmerze,

167 1049 228 1087 Als
248 1055 326 1102 folge
343 1061 471 1098 meinein
487 1065 577 1113 vabt;
604 1075 672 1107 (und:
687 1071 747 1110 Lobe
763 1061 803 1125 fie
810 1075 954 1125 beherzt;

91 1107 161 1146 Und
184 1114 250 1149 wär
272 1120 323 1154 der
337 1128 482 1170 ausgang
498 1126 575 1170 nicht
591 1133 641 1167 der
657 1133 767 1179 abficht
782 1128 876 1181 gleich
893 1151 929 1186 zu
947 1151 1085 1181 nennen:

168 1172 227 1210 So
244 1178 309 1225 haft
324 1185 365 1220 du
380 1186 563 1234 wenigftens
579 1190 676 1238 Kiches
688 1189 828 1243 fhöners
849 1212 958 1250 wagen
983 1206 1115 1245 Fönnen.

864 1278 1012 1320 Sellert
1027 1284 1048 1331 f.
1065 1296 1125 1331 144

105 1472 325 1552 WOK
347 1515 390 1548 en
422 1511 544 1561 Derren
579 1518 762 1570 liößabern
794 1532 868 1571 und
895 1532 1047 1578 Fennern
1073 1540 1141 1580 des

130 1551 155 1615 *
188 1571 266 1648 D
281 1557 344 1644 A
382 1567 572 1623 Teutfchen
591 1582 818 1627 vaterlandes
840 1588 935 1655 Babe
946 1592 995 1641 ich
1014 1595 1068 1657 die
1084 1595 1142 1646 eh»

107 1615 155 1670 Ö
277 1623 336 1684 &C
375 1635 410 1666 te
434 1633 500 1671 den
526 1636 671 1685 zweiten
698 1641 792 1683 band
818 1648 877 1686 der
895 1644 1137 1704 bürgerlichen

129 1648 341 1734 N
374 1679 566 1743 Teutfchen
600 1691 906 1765 vechtsgelahrDeit
919 1730 923 1753 ,
952 1708 1055 1761 Durch
1081 1714 1138 1757 die

85 1720 122 1751 ©
125 1722 337 1769 ANRKS
371 1736 537 1796 rmliche
570 1749 775 1803 bemüßung
815 1760 878 1800 des
915 1761 1028 1819 Herrn
1052 1782 1137 1822 pros

89 1767 215 1830 feflors
233 1784 502 1854 Hoffmanns,
535 1806 658 1854 hirmit
675 1812 897 1868 vorzulegen,
957 1826 1041 1873 Der
1064 1831 1137 1875 Fail:

86 1828 135 1880 fer
153 1842 227 1897 und
244 1848 313 1889 das
333 1851 445 1905 Meich
462 1863 652 1912 geruheten
671 1867 708 1910 in
727 1873 787 1915 der
815 1877 1030 1932 Faiferlichen
1059 1895 1136 1935 und

88 1889 741 1983 NeiNS-Fammer-gerichts-ordnung
760 1938 827 1980 den
845 1940 1006 1998 Beifizern
1024 1959 1135 2007 anzu-

86 1950 219 2001 Defelen
234 1986 249 2023 ,
282 1963 357 2031 daß
370 1959 419 2041 fie
423 1967 519 2037 nach
540 1985 765 2045 Masgebung
783 1999 842 2040 der
859 2001 1057 2061 Teutfchen
1070 2018 1134 2065 ges

86 2017 173 2079 won
183 2013 306 2067 deiten
326 2009 537 2094 flrnämlich
562 2042 737 2099 forechen,
768 2056 856 2107 auch
866 2088 875 2111 ;
908 2063 1046 2115 Inbalts
1068 2073 1136 2114 des

86 2067 245 2130 Reichs:
261 2063 431 2145 abfchides
459 2100 543 2141 DOM
560 2102 638 2155 jJare
662 2113 757 2166 1654
776 2116 796 2167 $
814 2129 887 2173 137,
914 2123 968 2167 die
987 2120 1138 2178 Übrigen

620 2176 701 2212 2
988 2186 1138 2243 gerichte
