1122 1493
110 132 346 181 ZJeſus:vñ
295 132 343 187 als
363 132 427 187 offt
442 135 492 174 ein
502 134 633 187 ſpꝛung
642 136 696 173 ein
715 136 783 174 bꝛun
809 132 868 187 die
879 134 994 184 ſtie

101 184 170 221 ſen
190 186 276 223 noch
286 185 335 223 huet
396 186 434 236 By
438 185 568 237 pedem
579 185 873 235 bꝛun
675 184 738 237 iſt.
748 184 811 237 ccc.
820 184 878 237 tag
880 185 933 226 ab

101 233 140 269 las.
195 235 227 273 vñ
246 239 284 273 in
291 236 351 273 der
362 234 676 287 Rirchemiſt.
587 233 614 287 c.
629 233 681 287 tag
687 237 928 280 abla.

254 286 349 321 vnſer
359 285 472 333 leben
481 285 598 323 frawẽ
614 291 653 335 zu
669 287 729 323 der
733 285 938 335 botſchafft

113 295 264 385 ₰4e
274 336 321 385 lyt
329 335 391 372 hin
402 336 461 385 vſʒ
467 335 522 373 als
549 336 586 372 mã
605 340 642 382 ʒu
653 335 672 374 ſant
668 333 935 374 Sebaſtian

102 395 174 434 get.
180 384 230 422 da
234 384 280 423 iſt
288 386 469 436 vergebuüg
480 385 591 423 aller
578 384 672 438 ſude.
697 386 836 438 welches
848 396 930 438 men

103 435 182 474 ſche
193 435 242 471 da
251 435 286 472 in
297 435 430 485 bilgers
454 436 532 487 wyſe
554 435 679 487 komet.
699 436 739 478 Es
759 437 830 473 ſtet
849 435 936 487 auch

101 485 157 521 ein
165 492 272 533 crutʒ
279 487 428 533 zwiſchẽ
438 487 505 523 den
515 484 612 522 kirch
623 486 667 523 vñ
677 485 751 523 ſant
764 486 932 525 Sebaſtiã

97 533 144 572 da
156 535 282 572 vurde
294 534 360 573 die·
371 537 395 580 x.
412 523 514 586 tuſent
530 523 626 586 ritter
624 523 974 586 èrſeblagen.

99 593 141 614 T
200 585 347 624 OQmine
361 595 426 632 quo
437 585 618 637 vadis.
580 584 613 638 By
625 584 690 623 der
703 585 814 624 ſelben
824 585 925 638 capel

99 594 451 686 In
460 633 537 672 ſant
564 629 662 687 Peter
678 636 790 673 vnſerẽ
812 629 925 687 herren

94 681 138 719 vñ
146 685 232 734 trug
243 684 298 722 ein
309 694 407 734 crutʒ
416 685 464 722 da
480 681 555 738 ſant
577 690 677 730 Peter
685 685 774 724 volt
780 687 926 738 geflogẽ

90 730 196 777 ſin
166 730 201 782 yõ
203 735 305 771 Rom
316 734 361 772 vñ
372 734 489 772 foꝛcht
501 735 560 772 die
567 743 707 782 marter.
720 736 767 773 da
779 741 925 781 Petrus

91 781 177 824 Jeſũ
190 783 231 820 dẽ
231 783 341 830 herrẽ
349 783 430 822 ſach
440 784 489 822 da
500 783 619 834 ſpꝛach
628 794 665 822 er
671 788 719 835 ʒu
728 787 791 824 im:
805 792 966 834 Herre

91 834 153 869 Wo
162 831 262 875 wiltu
276 832 350 871 hin.
365 833 460 881 Jeſus
468 834 670 884 ſpꝛach:ich
678 835 738 876 wil
744 839 851 886 gen
856 846 920 875 Rom

11 863 13 914 —
54 885 139 926 vnñ
149 881 212 919 wil
228 883 313 921 mich
333 884 413 921 noch
430 884 502 922 eins
517 877 619 936 laſſen
638 889 820 936 erutʒigen.
836 895 921 932 Pe⸗

91 936 180 969 trus
190 931 369 981 ſpꝛach.
375 941 410 972 Her
419 943 473 984 vu
481 934 562 972 haſt
569 935 782 985 geſpꝛochen
800 945 850 975 du
858 939 914 975 ko

87 984 175 1019 meſt
186 983 239 1037 nit
253 983 311 1037 mer
327 984 382 1024 off
388 984 448 1023 die
455 985 613 1031 erde.
615 986 660 1033 Jelus
672 985 792 1035 ſpꝛach
803 986 915 1037 ſchat

85 1029 424 1081 wopff
215 1029 268 1083 ich
282 1029 371 1081 ſtan.
385 1029 423 1083 da
437 1033 515 1072 ſach
540 1038 668 1079 Petrus
690 1045 751 1083 das
769 1042 832 1073 der
843 1038 925 1077 her

90 1087 127 1117 re
137 1075 273 1125 ſtůt
226 1075 267 1136 vff
282 1084 347 1134 eim
356 1083 504 1123 ſtein:vñ
523 1084 576 1123 bat
593 1093 635 1123 da
654 1087 689 1123 in
697 1088 844 1136 getrettè
853 1089 936 1126 als

86 1130 160 1169 wer
168 1130 219 1182 der
239 1130 324 1182 ſtein
335 1133 394 1171 ein
402 1133 506 1173 ſchne
514 1133 560 1172 vñ
567 1136 752 1174 verſwant.
760 1138 919 1182 Petrus

72 1182 169 1231 ging
179 1182 294 1220 wider
331 1193 374 1221 gen
384 1185 504 1222 Rome
513 1184 588 1223 ond
603 1183 684 1236 leyd
703 1189 761 1224 die
777 1186 915 1228 marter

85 1228 285 1282 williglich.
302 1228 336 1288 Da
353 1228 416 1288 iſt.
426 1235 489 1278 ccc.
500 1238 543 1283 jar
545 1234 655 1275 ablas
670 1228 744 1288 alle
761 1250 838 1273 tage
