<?xml version="1.0" encoding="UTF-8"?>
<pc:PcGts xmlns:pc="http://schema.primaresearch.org/PAGE/gts/pagecontent/2019-07-15" xmlns:xsi="http://www.w3.org/2001/XMLSchema-instance" xsi:schemaLocation="http://schema.primaresearch.org/PAGE/gts/pagecontent/2019-07-15 http://schema.primaresearch.org/PAGE/gts/pagecontent/2019-07-15/pagecontent.xsd" pcGtsId="OCR-D-OCR_0004">
    <pc:Metadata>
        <pc:Creator>OCR-D/core 2.71.0</pc:Creator>
        <pc:Created>2025-04-10T09:23:04.763841</pc:Created>
        <pc:LastChange>2025-04-10T09:23:04.763841</pc:LastChange>
        <pc:MetadataItem type="processingStep" name="layout/segmentation/region" value="ocrd-tesserocr-recognize">
            <pc:Labels externalModel="ocrd-tool" externalId="parameters">
                <pc:Label value="region" type="segmentation_level"/>
                <pc:Label value="word" type="textequiv_level"/>
                <pc:Label value="True" type="find_tables"/>
                <pc:Label value="german_print" type="model"/>
                <pc:Label value="0" type="dpi"/>
                <pc:Label value="0" type="padding"/>
                <pc:Label value="False" type="overwrite_segments"/>
                <pc:Label value="True" type="overwrite_text"/>
                <pc:Label value="False" type="shrink_polygons"/>
                <pc:Label value="False" type="block_polygons"/>
                <pc:Label value="False" type="find_staves"/>
                <pc:Label value="False" type="sparse_text"/>
                <pc:Label value="False" type="raw_lines"/>
                <pc:Label value="" type="char_whitelist"/>
                <pc:Label value="" type="char_blacklist"/>
                <pc:Label value="" type="char_unblacklist"/>
                <pc:Label value="{}" type="tesseract_parameters"/>
                <pc:Label value="{}" type="xpath_parameters"/>
                <pc:Label value="{}" type="xpath_model"/>
                <pc:Label value="False" type="auto_model"/>
                <pc:Label value="DEFAULT" type="oem"/>
            </pc:Labels>
            <pc:Labels externalModel="ocrd-tool" externalId="version">
                <pc:Label value="0.19.1 (tesseract 5.4.1)" type="ocrd-tesserocr-recognize"/>
                <pc:Label value="2.71.0" type="ocrd/core"/>
            </pc:Labels>
        </pc:MetadataItem>
    </pc:Metadata>
    <pc:Page imageFilename="GT-PAGE/hilbert_zahlkoerper_1897_0383.jpg" imageWidth="2744" imageHeight="4774">
        <pc:AlternativeImage filename="OCR-D-OCR/OCR-D-OCR_0004.IMG-BIN.png" comments=",binarized,clipped"/>
        <pc:ReadingOrder>
            <pc:OrderedGroup id="reading-order">
                <pc:RegionRefIndexed index="0" regionRef="region0000"/>
                <pc:RegionRefIndexed index="1" regionRef="region0001"/>
                <pc:RegionRefIndexed index="2" regionRef="region0002"/>
                <pc:RegionRefIndexed index="3" regionRef="region0003"/>
                <pc:RegionRefIndexed index="4" regionRef="region0004"/>
                <pc:RegionRefIndexed index="5" regionRef="region0005"/>
                <pc:RegionRefIndexed index="6" regionRef="region0006"/>
                <pc:RegionRefIndexed index="7" regionRef="region0007"/>
                <pc:RegionRefIndexed index="8" regionRef="region0008"/>
                <pc:RegionRefIndexed index="9" regionRef="region0009"/>
                <pc:RegionRefIndexed index="10" regionRef="region0010"/>
                <pc:RegionRefIndexed index="11" regionRef="region0011"/>
            </pc:OrderedGroup>
        </pc:ReadingOrder>
        <pc:TextRegion id="region0000" orientation="0.208904924282194" type="floating" readingDirection="left-to-right" textLineOrder="top-to-bottom">
            <pc:Coords points="96,2885 291,2885 291,2937 96,2937"/>
            <pc:TextLine id="region0000_line0000">
                <pc:Coords points="96,2885 291,2885 291,2937 96,2937"/>
                <pc:Word id="region0000_line0000_word0000">
                    <pc:Coords points="96,2885 148,2885 148,2937 96,2937"/>
                    <pc:TextEquiv conf="0.912404708862305">
                        <pc:Unicode>S.</pc:Unicode>
                    </pc:TextEquiv>
                </pc:Word>
                <pc:Word id="region0000_line0000_word0001">
                    <pc:Coords points="173,2885 291,2885 291,2937 173,2937"/>
                    <pc:TextEquiv conf="0.912404708862305">
                        <pc:Unicode>346.</pc:Unicode>
                    </pc:TextEquiv>
                </pc:Word>
                <pc:TextEquiv conf="0.912404708862305">
                    <pc:Unicode>S. 346.</pc:Unicode>
                </pc:TextEquiv>
            </pc:TextLine>
            <pc:TextEquiv conf="0.912404708862305">
                <pc:Unicode>S. 346.</pc:Unicode>
            </pc:TextEquiv>
        </pc:TextRegion>
        <pc:TextRegion id="region0001" orientation="0.208904924282194" type="floating" readingDirection="left-to-right" textLineOrder="top-to-bottom">
            <pc:Coords points="98,3325 298,3325 298,3468 98,3468"/>
            <pc:TextLine id="region0001_line0000">
                <pc:Coords points="98,3325 295,3325 295,3378 98,3378"/>
                <pc:Word id="region0001_line0000_word0000">
                    <pc:Coords points="98,3327 150,3327 150,3378 98,3378"/>
                    <pc:TextEquiv conf="0.920851974487305">
                        <pc:Unicode>S.</pc:Unicode>
                    </pc:TextEquiv>
                </pc:Word>
                <pc:Word id="region0001_line0000_word0001">
                    <pc:Coords points="176,3325 295,3325 295,3378 176,3378"/>
                    <pc:TextEquiv conf="0.922838516235352">
                        <pc:Unicode>367.</pc:Unicode>
                    </pc:TextEquiv>
                </pc:Word>
                <pc:TextEquiv conf="0.921845245361328">
                    <pc:Unicode>S. 367.</pc:Unicode>
                </pc:TextEquiv>
            </pc:TextLine>
            <pc:TextLine id="region0001_line0001">
                <pc:Coords points="99,3413 298,3413 298,3468 99,3468"/>
                <pc:Word id="region0001_line0001_word0000">
                    <pc:Coords points="99,3414 152,3414 152,3468 99,3468"/>
                    <pc:TextEquiv conf="0.898788909912109">
                        <pc:Unicode>S.</pc:Unicode>
                    </pc:TextEquiv>
                </pc:Word>
                <pc:Word id="region0001_line0001_word0001">
                    <pc:Coords points="180,3413 298,3413 298,3466 180,3466"/>
                    <pc:TextEquiv conf="0.920842514038086">
                        <pc:Unicode>367.</pc:Unicode>
                    </pc:TextEquiv>
                </pc:Word>
                <pc:TextEquiv conf="0.909815711975098">
                    <pc:Unicode>S. 367.</pc:Unicode>
                </pc:TextEquiv>
            </pc:TextLine>
            <pc:TextEquiv conf="0.915830478668213">
                <pc:Unicode>S. 367.
S. 367.</pc:Unicode>
            </pc:TextEquiv>
        </pc:TextRegion>
        <pc:TextRegion id="region0002" orientation="0.208904924282194" readingDirection="left-to-right" textLineOrder="top-to-bottom">
            <pc:Coords points="639,291 2467,291 2467,365 639,365"/>
            <pc:TextLine id="region0002_line0000">
                <pc:Coords points="639,291 2467,291 2467,365 639,365"/>
                <pc:Word id="region0002_line0000_word0000">
                    <pc:Coords points="639,291 996,291 996,355 639,355"/>
                    <pc:TextEquiv conf="0.907889099121094">
                        <pc:Unicode>Druckfehler,</pc:Unicode>
                    </pc:TextEquiv>
                </pc:Word>
                <pc:Word id="region0002_line0000_word0001">
                    <pc:Coords points="1032,293 1482,293 1482,365 1032,365"/>
                    <pc:TextEquiv conf="0.921822891235352">
                        <pc:Unicode>Berichtigungen</pc:Unicode>
                    </pc:TextEquiv>
                </pc:Word>
                <pc:Word id="region0002_line0000_word0002">
                    <pc:Coords points="1518,297 1627,297 1627,349 1518,349"/>
                    <pc:TextEquiv conf="0.907843170166016">
                        <pc:Unicode>und</pc:Unicode>
                    </pc:TextEquiv>
                </pc:Word>
                <pc:Word id="region0002_line0000_word0003">
                    <pc:Coords points="1662,297 1898,297 1898,350 1662,350"/>
                    <pc:TextEquiv conf="0.923834838867188">
                        <pc:Unicode>Zusätze.</pc:Unicode>
                    </pc:TextEquiv>
                </pc:Word>
                <pc:Word id="region0002_line0000_word0004">
                    <pc:Coords points="2345,297 2467,297 2467,359 2345,359"/>
                    <pc:TextEquiv conf="0.906865539550781">
                        <pc:Unicode>539</pc:Unicode>
                    </pc:TextEquiv>
                </pc:Word>
                <pc:TextEquiv conf="0.913651107788086">
                    <pc:Unicode>Druckfehler, Berichtigungen und Zusätze. 539</pc:Unicode>
                </pc:TextEquiv>
            </pc:TextLine>
            <pc:TextEquiv conf="0.913651107788086">
                <pc:Unicode>Druckfehler, Berichtigungen und Zusätze. 539</pc:Unicode>
            </pc:TextEquiv>
        </pc:TextRegion>
        <pc:TextRegion id="region0003" orientation="0.208904924282194" readingDirection="left-to-right" textLineOrder="top-to-bottom">
            <pc:Coords points="365,460 2471,460 2471,729 365,729"/>
            <pc:TextLine id="region0003_line0000">
                <pc:Coords points="366,460 2471,460 2471,563 366,563"/>
                <pc:Word id="region0003_line0000_word0000">
                    <pc:Coords points="366,460 475,460 475,553 366,553"/>
                    <pc:TextEquiv conf="0.535282592773437">
                        <pc:Unicode>400,</pc:Unicode>
                    </pc:TextEquiv>
                </pc:Word>
                <pc:Word id="region0003_line0000_word0001">
                    <pc:Coords points="513,461 606,461 606,530 513,530"/>
                    <pc:TextEquiv conf="0.">
                        <pc:Unicode>72)</pc:Unicode>
                    </pc:TextEquiv>
                </pc:Word>
                <pc:Word id="region0003_line0000_word0002">
                    <pc:Coords points="645,486 1214,486 1214,551 645,551"/>
                    <pc:TextEquiv conf="0.92633415222168">
                        <pc:Unicode>zusammengesetzten</pc:Unicode>
                    </pc:TextEquiv>
                </pc:Word>
                <pc:Word id="region0003_line0000_word0003">
                    <pc:Coords points="1250,485 1479,485 1479,552 1250,552"/>
                    <pc:TextEquiv conf="0.913386840820313">
                        <pc:Unicode>Körpers</pc:Unicode>
                    </pc:TextEquiv>
                </pc:Word>
                <pc:Word id="region0003_line0000_word0004">
                    <pc:Coords points="1517,487 1575,487 1575,537 1517,537"/>
                    <pc:TextEquiv conf="0.911637954711914">
                        <pc:Unicode>in</pc:Unicode>
                    </pc:TextEquiv>
                </pc:Word>
                <pc:Word id="region0003_line0000_word0005">
                    <pc:Coords points="1610,486 1787,486 1787,555 1610,555"/>
                    <pc:TextEquiv conf="0.920682754516602">
                        <pc:Unicode>Bezug</pc:Unicode>
                    </pc:TextEquiv>
                </pc:Word>
                <pc:Word id="region0003_line0000_word0006">
                    <pc:Coords points="1819,488 1916,488 1916,539 1819,539"/>
                    <pc:TextEquiv conf="0.921129455566406">
                        <pc:Unicode>auf</pc:Unicode>
                    </pc:TextEquiv>
                </pc:Word>
                <pc:Word id="region0003_line0000_word0007">
                    <pc:Coords points="1946,473 2030,473 2030,563 1946,563"/>
                    <pc:TextEquiv conf="0.">
                        <pc:Unicode>e(l</pc:Unicode>
                    </pc:TextEquiv>
                </pc:Word>
                <pc:Word id="region0003_line0000_word0008">
                    <pc:Coords points="2045,469 2086,469 2086,520 2045,520"/>
                    <pc:TextEquiv conf="0.141878662109375">
                        <pc:Unicode>7)</pc:Unicode>
                    </pc:TextEquiv>
                </pc:Word>
                <pc:Word id="region0003_line0000_word0009">
                    <pc:Coords points="2126,489 2199,489 2199,542 2126,542"/>
                    <pc:TextEquiv conf="0.299391098022461">
                        <pc:Unicode>st</pc:Unicode>
                    </pc:TextEquiv>
                </pc:Word>
                <pc:Word id="region0003_line0000_word0010">
                    <pc:Coords points="2234,487 2471,487 2471,554 2234,554"/>
                    <pc:TextEquiv conf="0.896891784667969">
                        <pc:Unicode>cyklisch</pc:Unicode>
                    </pc:TextEquiv>
                </pc:Word>
                <pc:TextEquiv conf="0.769692299582741">
                    <pc:Unicode>400, 72) zusammengesetzten Körpers in Bezug auf e(l 7) st cyklisch</pc:Unicode>
                </pc:TextEquiv>
            </pc:TextLine>
            <pc:TextLine id="region0003_line0001">
                <pc:Coords points="367,568 2470,568 2470,640 367,640"/>
                <pc:Word id="region0003_line0001_word0000">
                    <pc:Coords points="367,583 480,583 480,618 367,618"/>
                    <pc:TextEquiv conf="0.918624725341797">
                        <pc:Unicode>vom</pc:Unicode>
                    </pc:TextEquiv>
                </pc:Word>
                <pc:Word id="region0003_line0001_word0001">
                    <pc:Coords points="530,568 699,568 699,619 530,619"/>
                    <pc:TextEquiv conf="0.915258941650391">
                        <pc:Unicode>Grade</pc:Unicode>
                    </pc:TextEquiv>
                </pc:Word>
                <pc:Word id="region0003_line0001_word0002">
                    <pc:Coords points="726,571 798,571 798,635 726,635"/>
                    <pc:TextEquiv conf="0.">
                        <pc:Unicode>½%.</pc:Unicode>
                    </pc:TextEquiv>
                </pc:Word>
                <pc:Word id="region0003_line0001_word0003">
                    <pc:Coords points="872,570 987,570 987,620 872,620"/>
                    <pc:TextEquiv conf="0.905464324951172">
                        <pc:Unicode>Wir</pc:Unicode>
                    </pc:TextEquiv>
                </pc:Word>
                <pc:Word id="region0003_line0001_word0004">
                    <pc:Coords points="1034,571 1348,571 1348,623 1034,623"/>
                    <pc:TextEquiv conf="0.907346115112305">
                        <pc:Unicode>entnehmen</pc:Unicode>
                    </pc:TextEquiv>
                </pc:Word>
                <pc:Word id="region0003_line0001_word0005">
                    <pc:Coords points="1393,573 1625,573 1625,637 1393,637"/>
                    <pc:TextEquiv conf="0.912590713500977">
                        <pc:Unicode>hieraus,</pc:Unicode>
                    </pc:TextEquiv>
                </pc:Word>
                <pc:Word id="region0003_line0001_word0006">
                    <pc:Coords points="1675,575 1822,575 1822,639 1675,639"/>
                    <pc:TextEquiv conf="0.903469848632813">
                        <pc:Unicode>dass,</pc:Unicode>
                    </pc:TextEquiv>
                </pc:Word>
                <pc:Word id="region0003_line0001_word0007">
                    <pc:Coords points="1871,592 2021,592 2021,628 1871,628"/>
                    <pc:TextEquiv conf="0.916391754150391">
                        <pc:Unicode>wenn</pc:Unicode>
                    </pc:TextEquiv>
                </pc:Word>
                <pc:Word id="region0003_line0001_word0008">
                    <pc:Coords points="2044,578 2089,578 2089,640 2044,640"/>
                    <pc:TextEquiv conf="0.760401382446289">
                        <pc:Unicode>f</pc:Unicode>
                    </pc:TextEquiv>
                </pc:Word>
                <pc:Word id="region0003_line0001_word0009">
                    <pc:Coords points="2118,578 2208,578 2208,629 2118,629"/>
                    <pc:TextEquiv conf="0.897197189331055">
                        <pc:Unicode>das</pc:Unicode>
                    </pc:TextEquiv>
                </pc:Word>
                <pc:Word id="region0003_line0001_word0010">
                    <pc:Coords points="2244,577 2470,577 2470,628 2244,628"/>
                    <pc:TextEquiv conf="0.924177703857422">
                        <pc:Unicode>kleinste</pc:Unicode>
                    </pc:TextEquiv>
                </pc:Word>
                <pc:TextEquiv conf="0.90553842717951">
                    <pc:Unicode>vom Grade ½%. Wir entnehmen hieraus, dass, wenn f das kleinste</pc:Unicode>
                </pc:TextEquiv>
            </pc:TextLine>
            <pc:TextLine id="region0003_line0002">
                <pc:Coords points="365,656 2467,656 2467,729 365,729"/>
                <pc:Word id="region0003_line0002_word0000">
                    <pc:Coords points="365,656 715,656 715,723 365,723"/>
                    <pc:TextEquiv conf="0.914452896118164">
                        <pc:Unicode>gemeinsame</pc:Unicode>
                    </pc:TextEquiv>
                </pc:Word>
                <pc:Word id="region0003_line0002_word0001">
                    <pc:Coords points="772,657 1039,657 1039,709 772,709"/>
                    <pc:TextEquiv conf="0.913741226196289">
                        <pc:Unicode>Vielfache</pc:Unicode>
                    </pc:TextEquiv>
                </pc:Word>
                <pc:Word id="region0003_line0002_word0002">
                    <pc:Coords points="1104,658 1196,658 1196,709 1104,709"/>
                    <pc:TextEquiv conf="0.918747253417969">
                        <pc:Unicode>der</pc:Unicode>
                    </pc:TextEquiv>
                </pc:Word>
                <pc:Word id="region0003_line0002_word0003">
                    <pc:Coords points="1257,658 1452,658 1452,710 1257,710"/>
                    <pc:TextEquiv conf="0.918651885986328">
                        <pc:Unicode>Zahlen</pc:Unicode>
                    </pc:TextEquiv>
                </pc:Word>
                <pc:Word id="region0003_line0002_word0004">
                    <pc:Coords points="1501,662 1582,662 1582,725 1501,725"/>
                    <pc:TextEquiv conf="0.84028076171875">
                        <pc:Unicode>fi,</pc:Unicode>
                    </pc:TextEquiv>
                </pc:Word>
                <pc:Word id="region0003_line0002_word0005">
                    <pc:Coords points="1657,661 1684,661 1684,724 1657,724"/>
                    <pc:TextEquiv conf="0.07065673828125">
                        <pc:Unicode>ö</pc:Unicode>
                    </pc:TextEquiv>
                </pc:Word>
                <pc:Word id="region0003_line0002_word0006">
                    <pc:Coords points="1751,662 2024,662 2024,729 1751,729"/>
                    <pc:TextEquiv conf="0.912278594970703">
                        <pc:Unicode>bedeutet,</pc:Unicode>
                    </pc:TextEquiv>
                </pc:Word>
                <pc:Word id="region0003_line0002_word0007">
                    <pc:Coords points="2094,665 2177,665 2177,716 2094,716"/>
                    <pc:TextEquiv conf="0.921512908935547">
                        <pc:Unicode>die</pc:Unicode>
                    </pc:TextEquiv>
                </pc:Word>
                <pc:Word id="region0003_line0002_word0008">
                    <pc:Coords points="2240,664 2467,664 2467,715 2240,715"/>
                    <pc:TextEquiv conf="0.891735382080078">
                        <pc:Unicode>Relativ-</pc:Unicode>
                    </pc:TextEquiv>
                </pc:Word>
                <pc:TextEquiv conf="0.811339738633898">
                    <pc:Unicode>gemeinsame Vielfache der Zahlen fi, ö bedeutet, die Relativ-</pc:Unicode>
                </pc:TextEquiv>
            </pc:TextLine>
            <pc:TextEquiv conf="0.828856821798716">
                <pc:Unicode>400, 72) zusammengesetzten Körpers in Bezug auf e(l 7) st cyklisch
vom Grade ½%. Wir entnehmen hieraus, dass, wenn f das kleinste
gemeinsame Vielfache der Zahlen fi, ö bedeutet, die Relativ-</pc:Unicode>
            </pc:TextEquiv>
        </pc:TextRegion>
        <pc:TextRegion id="region0004" orientation="0.208904924282194" readingDirection="left-to-right" textLineOrder="top-to-bottom">
            <pc:Coords points="365,744 2479,744 2479,1914 365,1914"/>
            <pc:TextLine id="region0004_line0000">
                <pc:Coords points="371,744 2470,744 2470,836 371,836"/>
                <pc:Word id="region0004_line0000_word0000">
                    <pc:Coords points="371,776 572,776 572,828 371,828"/>
                    <pc:TextEquiv conf="0.921982116699219">
                        <pc:Unicode>gruppe</pc:Unicode>
                    </pc:TextEquiv>
                </pc:Word>
                <pc:Word id="region0004_line0000_word0001">
                    <pc:Coords points="611,776 712,776 712,812 611,812"/>
                    <pc:TextEquiv conf="0.742800750732422">
                        <pc:Unicode>von</pc:Unicode>
                    </pc:TextEquiv>
                </pc:Word>
                <pc:Word id="region0004_line0000_word0002">
                    <pc:Coords points="815,762 872,762 872,813 815,813"/>
                    <pc:TextEquiv conf="0.920593032836914">
                        <pc:Unicode>in</pc:Unicode>
                    </pc:TextEquiv>
                </pc:Word>
                <pc:Word id="region0004_line0000_word0003">
                    <pc:Coords points="910,762 1086,762 1086,829 910,829"/>
                    <pc:TextEquiv conf="0.91483642578125">
                        <pc:Unicode>Bezug</pc:Unicode>
                    </pc:TextEquiv>
                </pc:Word>
                <pc:Word id="region0004_line0000_word0004">
                    <pc:Coords points="1138,762 1231,762 1231,812 1138,812"/>
                    <pc:TextEquiv conf="0.924960250854492">
                        <pc:Unicode>auf</pc:Unicode>
                    </pc:TextEquiv>
                </pc:Word>
                <pc:Word id="region0004_line0000_word0005">
                    <pc:Coords points="1262,744 1348,744 1348,836 1262,836"/>
                    <pc:TextEquiv conf="0.">
                        <pc:Unicode>Pll</pc:Unicode>
                    </pc:TextEquiv>
                </pc:Word>
                <pc:Word id="region0004_line0000_word0006">
                    <pc:Coords points="1366,744 1406,744 1406,794 1366,794"/>
                    <pc:TextEquiv conf="0.">
                        <pc:Unicode>2)</pc:Unicode>
                    </pc:TextEquiv>
                </pc:Word>
                <pc:Word id="region0004_line0000_word0007">
                    <pc:Coords points="1445,763 1600,763 1600,814 1445,814"/>
                    <pc:TextEquiv conf="0.671605453491211">
                        <pc:Unicode>keine</pc:Unicode>
                    </pc:TextEquiv>
                </pc:Word>
                <pc:Word id="region0004_line0000_word0008">
                    <pc:Coords points="1647,763 1910,763 1910,830 1647,830"/>
                    <pc:TextEquiv conf="0.879077072143555">
                        <pc:Unicode>cyklische</pc:Unicode>
                    </pc:TextEquiv>
                </pc:Word>
                <pc:Word id="region0004_line0000_word0009">
                    <pc:Coords points="1959,766 2329,766 2329,835 1959,835"/>
                    <pc:TextEquiv conf="0.90507209777832">
                        <pc:Unicode>Untergruppe</pc:Unicode>
                    </pc:TextEquiv>
                </pc:Word>
                <pc:Word id="region0004_line0000_word0010">
                    <pc:Coords points="2368,783 2470,783 2470,819 2368,819"/>
                    <pc:TextEquiv conf="0.906837997436523">
                        <pc:Unicode>von</pc:Unicode>
                    </pc:TextEquiv>
                </pc:Word>
                <pc:TextEquiv conf="0.889796836159446">
                    <pc:Unicode>gruppe von in Bezug auf Pll 2) keine cyklische Untergruppe von</pc:Unicode>
                </pc:TextEquiv>
            </pc:TextLine>
            <pc:TextLine id="region0004_line0001">
                <pc:Coords points="366,846 2468,846 2468,922 366,922"/>
                <pc:Word id="region0004_line0001_word0000">
                    <pc:Coords points="366,846 611,846 611,898 366,898"/>
                    <pc:TextEquiv conf="0.914372406005859">
                        <pc:Unicode>höherem</pc:Unicode>
                    </pc:TextEquiv>
                </pc:Word>
                <pc:Word id="region0004_line0001_word0001">
                    <pc:Coords points="658,847 733,847 733,899 658,899"/>
                    <pc:TextEquiv conf="0.92838737487793">
                        <pc:Unicode>als</pc:Unicode>
                    </pc:TextEquiv>
                </pc:Word>
                <pc:Word id="region0004_line0001_word0002">
                    <pc:Coords points="783,848 897,848 897,900 783,900"/>
                    <pc:TextEquiv conf="0.915818786621094">
                        <pc:Unicode>dem</pc:Unicode>
                    </pc:TextEquiv>
                </pc:Word>
                <pc:Word id="region0004_line0001_word0003">
                    <pc:Coords points="923,849 1056,849 1056,911 923,911"/>
                    <pc:TextEquiv conf="0.831692199707031">
                        <pc:Unicode>Ften</pc:Unicode>
                    </pc:TextEquiv>
                </pc:Word>
                <pc:Word id="region0004_line0001_word0004">
                    <pc:Coords points="1097,847 1269,847 1269,900 1097,900"/>
                    <pc:TextEquiv conf="0.916372451782227">
                        <pc:Unicode>Grade</pc:Unicode>
                    </pc:TextEquiv>
                </pc:Word>
                <pc:Word id="region0004_line0001_word0005">
                    <pc:Coords points="1319,851 1587,851 1587,903 1319,903"/>
                    <pc:TextEquiv conf="0.918193511962891">
                        <pc:Unicode>enthalten</pc:Unicode>
                    </pc:TextEquiv>
                </pc:Word>
                <pc:Word id="region0004_line0001_word0006">
                    <pc:Coords points="1632,852 1790,852 1790,902 1632,902"/>
                    <pc:TextEquiv conf="0.907536010742187">
                        <pc:Unicode>kann.</pc:Unicode>
                    </pc:TextEquiv>
                </pc:Word>
                <pc:Word id="region0004_line0001_word0007">
                    <pc:Coords points="1863,851 1941,851 1941,903 1863,903"/>
                    <pc:TextEquiv conf="0.89852653503418">
                        <pc:Unicode>Da</pc:Unicode>
                    </pc:TextEquiv>
                </pc:Word>
                <pc:Word id="region0004_line0001_word0008">
                    <pc:Coords points="1976,854 2008,854 2008,902 1976,902"/>
                    <pc:TextEquiv conf="0.">
                        <pc:Unicode>k</pc:Unicode>
                    </pc:TextEquiv>
                </pc:Word>
                <pc:Word id="region0004_line0001_word0009">
                    <pc:Coords points="2044,855 2121,855 2121,906 2044,906"/>
                    <pc:TextEquiv conf="0.915345764160156">
                        <pc:Unicode>als</pc:Unicode>
                    </pc:TextEquiv>
                </pc:Word>
                <pc:Word id="region0004_line0001_word0010">
                    <pc:Coords points="2170,854 2468,854 2468,922 2170,922"/>
                    <pc:TextEquiv conf="0.919123687744141">
                        <pc:Unicode>Trägheits-</pc:Unicode>
                    </pc:TextEquiv>
                </pc:Word>
                <pc:TextEquiv conf="0.915033520785245">
                    <pc:Unicode>höherem als dem Ften Grade enthalten kann. Da k als Trägheits-</pc:Unicode>
                </pc:TextEquiv>
            </pc:TextLine>
            <pc:TextLine id="region0004_line0002">
                <pc:Coords points="365,932 2475,932 2475,1009 365,1009"/>
                <pc:Word id="region0004_line0002_word0000">
                    <pc:Coords points="365,934 559,934 559,1000 365,1000"/>
                    <pc:TextEquiv conf="0.898800048828125">
                        <pc:Unicode>körper</pc:Unicode>
                    </pc:TextEquiv>
                </pc:Word>
                <pc:Word id="region0004_line0002_word0001">
                    <pc:Coords points="605,934 696,934 696,986 605,986"/>
                    <pc:TextEquiv conf="0.917961654663086">
                        <pc:Unicode>des</pc:Unicode>
                    </pc:TextEquiv>
                </pc:Word>
                <pc:Word id="region0004_line0002_word0002">
                    <pc:Coords points="734,935 1041,935 1041,986 734,986"/>
                    <pc:TextEquiv conf="0.917961654663086">
                        <pc:Unicode>Primideals</pc:Unicode>
                    </pc:TextEquiv>
                </pc:Word>
                <pc:Word id="region0004_line0002_word0003">
                    <pc:Coords points="1079,932 1132,932 1132,1000 1079,1000"/>
                    <pc:TextEquiv conf="0.777047348022461">
                        <pc:Unicode>P</pc:Unicode>
                    </pc:TextEquiv>
                </pc:Word>
                <pc:Word id="region0004_line0002_word0004">
                    <pc:Coords points="1169,937 1283,937 1283,987 1169,987"/>
                    <pc:TextEquiv conf="0.777047348022461">
                        <pc:Unicode>eine</pc:Unicode>
                    </pc:TextEquiv>
                </pc:Word>
                <pc:Word id="region0004_line0002_word0005">
                    <pc:Coords points="1334,938 1596,938 1596,1004 1334,1004"/>
                    <pc:TextEquiv conf="0.859531326293945">
                        <pc:Unicode>cyklische</pc:Unicode>
                    </pc:TextEquiv>
                </pc:Word>
                <pc:Word id="region0004_line0002_word0006">
                    <pc:Coords points="1632,938 2040,938 2040,1007 1632,1007"/>
                    <pc:TextEquiv conf="0.919890670776367">
                        <pc:Unicode>Relativgruppe</pc:Unicode>
                    </pc:TextEquiv>
                </pc:Word>
                <pc:Word id="region0004_line0002_word0007">
                    <pc:Coords points="2078,942 2132,942 2132,992 2078,992"/>
                    <pc:TextEquiv conf="0.9146923828125">
                        <pc:Unicode>in</pc:Unicode>
                    </pc:TextEquiv>
                </pc:Word>
                <pc:Word id="region0004_line0002_word0008">
                    <pc:Coords points="2169,940 2348,940 2348,1009 2169,1009"/>
                    <pc:TextEquiv conf="0.920344467163086">
                        <pc:Unicode>Bezug</pc:Unicode>
                    </pc:TextEquiv>
                </pc:Word>
                <pc:Word id="region0004_line0002_word0009">
                    <pc:Coords points="2384,941 2475,941 2475,993 2384,993"/>
                    <pc:TextEquiv conf="0.923146820068359">
                        <pc:Unicode>auf</pc:Unicode>
                    </pc:TextEquiv>
                </pc:Word>
                <pc:TextEquiv conf="0.882642372131348">
                    <pc:Unicode>körper des Primideals P eine cyklische Relativgruppe in Bezug auf</pc:Unicode>
                </pc:TextEquiv>
            </pc:TextLine>
            <pc:TextLine id="region0004_line0003">
                <pc:Coords points="366,1008 2467,1008 2467,1100 366,1100"/>
                <pc:Word id="region0004_line0003_word0000">
                    <pc:Coords points="366,1023 419,1023 419,1094 366,1094"/>
                    <pc:TextEquiv conf="0.">
                        <pc:Unicode>E,</pc:Unicode>
                    </pc:TextEquiv>
                </pc:Word>
                <pc:Word id="region0004_line0003_word0001">
                    <pc:Coords points="454,1021 690,1021 690,1074 454,1074"/>
                    <pc:TextEquiv conf="0.807413940429688">
                        <pc:Unicode>besitzen</pc:Unicode>
                    </pc:TextEquiv>
                </pc:Word>
                <pc:Word id="region0004_line0003_word0002">
                    <pc:Coords points="733,1039 875,1039 875,1075 733,1075"/>
                    <pc:TextEquiv conf="0.925716400146484">
                        <pc:Unicode>muss</pc:Unicode>
                    </pc:TextEquiv>
                </pc:Word>
                <pc:Word id="region0004_line0003_word0003">
                    <pc:Coords points="923,1022 1033,1022 1033,1073 923,1073"/>
                    <pc:TextEquiv conf="0.927578201293945">
                        <pc:Unicode>und</pc:Unicode>
                    </pc:TextEquiv>
                </pc:Word>
                <pc:Word id="region0004_line0003_word0004">
                    <pc:Coords points="1081,1022 1173,1022 1173,1073 1081,1073"/>
                    <pc:TextEquiv conf="0.912228698730469">
                        <pc:Unicode>der</pc:Unicode>
                    </pc:TextEquiv>
                </pc:Word>
                <pc:Word id="region0004_line0003_word0005">
                    <pc:Coords points="1215,1022 1420,1022 1420,1089 1215,1089"/>
                    <pc:TextEquiv conf="0.903601684570313">
                        <pc:Unicode>Körper</pc:Unicode>
                    </pc:TextEquiv>
                </pc:Word>
                <pc:Word id="region0004_line0003_word0006">
                    <pc:Coords points="1456,1026 1509,1026 1509,1097 1456,1097"/>
                    <pc:TextEquiv conf="0.39467830657959">
                        <pc:Unicode>E,</pc:Unicode>
                    </pc:TextEquiv>
                </pc:Word>
                <pc:Word id="region0004_line0003_word0007">
                    <pc:Coords points="1547,1025 1650,1025 1650,1077 1547,1077"/>
                    <pc:TextEquiv conf="0.916000823974609">
                        <pc:Unicode>den</pc:Unicode>
                    </pc:TextEquiv>
                </pc:Word>
                <pc:Word id="region0004_line0003_word0008">
                    <pc:Coords points="1695,1027 1902,1027 1902,1093 1695,1093"/>
                    <pc:TextEquiv conf="0.914544448852539">
                        <pc:Unicode>Körper</pc:Unicode>
                    </pc:TextEquiv>
                </pc:Word>
                <pc:Word id="region0004_line0003_word0009">
                    <pc:Coords points="1938,1010 2027,1010 2027,1100 1938,1100"/>
                    <pc:TextEquiv conf="0.">
                        <pc:Unicode>Al.</pc:Unicode>
                    </pc:TextEquiv>
                </pc:Word>
                <pc:Word id="region0004_line0003_word0010">
                    <pc:Coords points="2128,1028 2355,1028 2355,1093 2128,1093"/>
                    <pc:TextEquiv conf="0.915065002441406">
                        <pc:Unicode>enthält,</pc:Unicode>
                    </pc:TextEquiv>
                </pc:Word>
                <pc:Word id="region0004_line0003_word0011">
                    <pc:Coords points="2410,1043 2467,1043 2467,1080 2410,1080"/>
                    <pc:TextEquiv conf="0.664290008544922">
                        <pc:Unicode>80</pc:Unicode>
                    </pc:TextEquiv>
                </pc:Word>
                <pc:TextEquiv conf="0.856759792963664">
                    <pc:Unicode>E, besitzen muss und der Körper E, den Körper Al. enthält, 80</pc:Unicode>
                </pc:TextEquiv>
            </pc:TextLine>
            <pc:TextLine id="region0004_line0004">
                <pc:Coords points="367,1068 2469,1068 2469,1188 367,1188"/>
                <pc:Word id="region0004_line0004_word0000">
                    <pc:Coords points="367,1069 524,1069 524,1177 367,1177"/>
                    <pc:TextEquiv conf="0.606788940429687">
                        <pc:Unicode>tolgt,</pc:Unicode>
                    </pc:TextEquiv>
                </pc:Word>
                <pc:Word id="region0004_line0004_word0001">
                    <pc:Coords points="588,1109 709,1109 709,1161 588,1161"/>
                    <pc:TextEquiv conf="0.921927185058594">
                        <pc:Unicode>dass</pc:Unicode>
                    </pc:TextEquiv>
                </pc:Word>
                <pc:Word id="region0004_line0004_word0002">
                    <pc:Coords points="762,1110 887,1110 887,1177 762,1177"/>
                    <pc:TextEquiv conf="0.920648422241211">
                        <pc:Unicode>jene</pc:Unicode>
                    </pc:TextEquiv>
                </pc:Word>
                <pc:Word id="region0004_line0004_word0003">
                    <pc:Coords points="933,1109 1195,1109 1195,1176 933,1176"/>
                    <pc:TextEquiv conf="0.889322128295898">
                        <pc:Unicode>cyklische</pc:Unicode>
                    </pc:TextEquiv>
                </pc:Word>
                <pc:Word id="region0004_line0004_word0004">
                    <pc:Coords points="1241,1072 1650,1072 1650,1179 1241,1179"/>
                    <pc:TextEquiv conf="0.55585823059082">
                        <pc:Unicode>Relativgruppe</pc:Unicode>
                    </pc:TextEquiv>
                </pc:Word>
                <pc:Word id="region0004_line0004_word0005">
                    <pc:Coords points="1701,1128 1804,1128 1804,1164 1701,1164"/>
                    <pc:TextEquiv conf="0.902018356323242">
                        <pc:Unicode>von</pc:Unicode>
                    </pc:TextEquiv>
                </pc:Word>
                <pc:Word id="region0004_line0004_word0006">
                    <pc:Coords points="1856,1112 1888,1112 1888,1161 1856,1161"/>
                    <pc:TextEquiv conf="0.529303016662598">
                        <pc:Unicode>z</pc:Unicode>
                    </pc:TextEquiv>
                </pc:Word>
                <pc:Word id="region0004_line0004_word0007">
                    <pc:Coords points="1941,1115 1998,1115 1998,1164 1941,1164"/>
                    <pc:TextEquiv conf="0.886897506713867">
                        <pc:Unicode>in</pc:Unicode>
                    </pc:TextEquiv>
                </pc:Word>
                <pc:Word id="region0004_line0004_word0008">
                    <pc:Coords points="2041,1111 2220,1111 2220,1182 2041,1182"/>
                    <pc:TextEquiv conf="0.926274032592773">
                        <pc:Unicode>Bezug</pc:Unicode>
                    </pc:TextEquiv>
                </pc:Word>
                <pc:Word id="region0004_line0004_word0009">
                    <pc:Coords points="2274,1068 2367,1068 2367,1165 2274,1165"/>
                    <pc:TextEquiv conf="0.631418914794922">
                        <pc:Unicode>auf</pc:Unicode>
                    </pc:TextEquiv>
                </pc:Word>
                <pc:Word id="region0004_line0004_word0010">
                    <pc:Coords points="2416,1117 2469,1117 2469,1188 2416,1188"/>
                    <pc:TextEquiv conf="0.">
                        <pc:Unicode>.</pc:Unicode>
                    </pc:TextEquiv>
                </pc:Word>
                <pc:TextEquiv conf="0.79731424851851">
                    <pc:Unicode>tolgt, dass jene cyklische Relativgruppe von z in Bezug auf .</pc:Unicode>
                </pc:TextEquiv>
            </pc:TextLine>
            <pc:TextLine id="region0004_line0005">
                <pc:Coords points="369,1195 1163,1195 1163,1258 369,1258"/>
                <pc:Word id="region0004_line0005_word0000">
                    <pc:Coords points="369,1195 650,1195 650,1247 369,1247"/>
                    <pc:TextEquiv conf="0.921001052856445">
                        <pc:Unicode>höchstens</pc:Unicode>
                    </pc:TextEquiv>
                </pc:Word>
                <pc:Word id="region0004_line0005_word0001">
                    <pc:Coords points="689,1196 790,1196 790,1248 689,1248"/>
                    <pc:TextEquiv conf="0.918261947631836">
                        <pc:Unicode>den</pc:Unicode>
                    </pc:TextEquiv>
                </pc:Word>
                <pc:Word id="region0004_line0005_word0002">
                    <pc:Coords points="827,1196 965,1196 965,1247 827,1247"/>
                    <pc:TextEquiv conf="0.895537109375">
                        <pc:Unicode>Grad</pc:Unicode>
                    </pc:TextEquiv>
                </pc:Word>
                <pc:Word id="region0004_line0005_word0003">
                    <pc:Coords points="988,1196 1032,1196 1032,1258 988,1258"/>
                    <pc:TextEquiv conf="0.511712341308594">
                        <pc:Unicode>F</pc:Unicode>
                    </pc:TextEquiv>
                </pc:Word>
                <pc:Word id="region0004_line0005_word0004">
                    <pc:Coords points="1057,1196 1163,1196 1163,1247 1057,1247"/>
                    <pc:TextEquiv conf="0.878865814208984">
                        <pc:Unicode>hat.</pc:Unicode>
                    </pc:TextEquiv>
                </pc:Word>
                <pc:TextEquiv conf="0.825075653076172">
                    <pc:Unicode>höchstens den Grad F hat.</pc:Unicode>
                </pc:TextEquiv>
            </pc:TextLine>
            <pc:TextLine id="region0004_line0006">
                <pc:Coords points="510,1283 2473,1283 2473,1352 510,1352"/>
                <pc:Word id="region0004_line0006_word0000">
                    <pc:Coords points="510,1284 875,1284 875,1336 510,1336"/>
                    <pc:TextEquiv conf="0.907733688354492">
                        <pc:Unicode>Andererseits</pc:Unicode>
                    </pc:TextEquiv>
                </pc:Word>
                <pc:Word id="region0004_line0006_word0001">
                    <pc:Coords points="914,1283 1104,1283 1104,1335 914,1335"/>
                    <pc:TextEquiv conf="0.922303009033203">
                        <pc:Unicode>stellen</pc:Unicode>
                    </pc:TextEquiv>
                </pc:Word>
                <pc:Word id="region0004_line0006_word0002">
                    <pc:Coords points="1140,1284 1230,1284 1230,1334 1140,1334"/>
                    <pc:TextEquiv conf="0.924662475585938">
                        <pc:Unicode>wir</pc:Unicode>
                    </pc:TextEquiv>
                </pc:Word>
                <pc:Word id="region0004_line0006_word0003">
                    <pc:Coords points="1265,1284 1511,1284 1511,1352 1265,1352"/>
                    <pc:TextEquiv conf="0.908281402587891">
                        <pc:Unicode>folgende</pc:Unicode>
                    </pc:TextEquiv>
                </pc:Word>
                <pc:Word id="region0004_line0006_word0004">
                    <pc:Coords points="1536,1285 1955,1285 1955,1352 1536,1352"/>
                    <pc:TextEquiv conf="0.920548706054688">
                        <pc:Unicode>Betrachtungen</pc:Unicode>
                    </pc:TextEquiv>
                </pc:Word>
                <pc:Word id="region0004_line0006_word0005">
                    <pc:Coords points="1999,1304 2082,1304 2082,1338 1999,1338"/>
                    <pc:TextEquiv conf="0.893378829956055">
                        <pc:Unicode>an.</pc:Unicode>
                    </pc:TextEquiv>
                </pc:Word>
                <pc:Word id="region0004_line0006_word0006">
                    <pc:Coords points="2144,1287 2240,1287 2240,1340 2144,1340"/>
                    <pc:TextEquiv conf="0.914232559204102">
                        <pc:Unicode>Die</pc:Unicode>
                    </pc:TextEquiv>
                </pc:Word>
                <pc:Word id="region0004_line0006_word0007">
                    <pc:Coords points="2279,1289 2473,1289 2473,1341 2279,1341"/>
                    <pc:TextEquiv conf="0.929979248046875">
                        <pc:Unicode>beiden</pc:Unicode>
                    </pc:TextEquiv>
                </pc:Word>
                <pc:TextEquiv conf="0.915139989852905">
                    <pc:Unicode>Andererseits stellen wir folgende Betrachtungen an. Die beiden</pc:Unicode>
                </pc:TextEquiv>
            </pc:TextLine>
            <pc:TextLine id="region0004_line0007">
                <pc:Coords points="366,1352 2472,1352 2472,1446 366,1446"/>
                <pc:Word id="region0004_line0007_word0000">
                    <pc:Coords points="366,1370 571,1370 571,1438 366,1438"/>
                    <pc:TextEquiv conf="0.918859710693359">
                        <pc:Unicode>Körper</pc:Unicode>
                    </pc:TextEquiv>
                </pc:Word>
                <pc:Word id="region0004_line0007_word0001">
                    <pc:Coords points="627,1352 717,1352 717,1421 627,1421"/>
                    <pc:TextEquiv conf="0.302647247314453">
                        <pc:Unicode>41)</pc:Unicode>
                    </pc:TextEquiv>
                </pc:Word>
                <pc:Word id="region0004_line0007_word0002">
                    <pc:Coords points="777,1371 887,1371 887,1423 777,1423"/>
                    <pc:TextEquiv conf="0.911183471679687">
                        <pc:Unicode>und</pc:Unicode>
                    </pc:TextEquiv>
                </pc:Word>
                <pc:Word id="region0004_line0007_word0003">
                    <pc:Coords points="946,1371 1000,1371 1000,1445 946,1445"/>
                    <pc:TextEquiv conf="0.274917755126953">
                        <pc:Unicode>k,</pc:Unicode>
                    </pc:TextEquiv>
                </pc:Word>
                <pc:Word id="region0004_line0007_word0004">
                    <pc:Coords points="1052,1371 1224,1371 1224,1423 1052,1423"/>
                    <pc:TextEquiv conf="0.908522262573242">
                        <pc:Unicode>haben</pc:Unicode>
                    </pc:TextEquiv>
                </pc:Word>
                <pc:Word id="region0004_line0007_word0005">
                    <pc:Coords points="1278,1371 1381,1371 1381,1423 1278,1423"/>
                    <pc:TextEquiv conf="0.893394012451172">
                        <pc:Unicode>den</pc:Unicode>
                    </pc:TextEquiv>
                </pc:Word>
                <pc:Word id="region0004_line0007_word0006">
                    <pc:Coords points="1433,1373 1636,1373 1636,1440 1433,1440"/>
                    <pc:TextEquiv conf="0.910086975097656">
                        <pc:Unicode>Körper</pc:Unicode>
                    </pc:TextEquiv>
                </pc:Word>
                <pc:Word id="region0004_line0007_word0007">
                    <pc:Coords points="1670,1355 1790,1355 1790,1446 1670,1446"/>
                    <pc:TextEquiv conf="0.180608520507813">
                        <pc:Unicode>49,</pc:Unicode>
                    </pc:TextEquiv>
                </pc:Word>
                <pc:Word id="region0004_line0007_word0008">
                    <pc:Coords points="1842,1374 1966,1374 1966,1426 1842,1426"/>
                    <pc:TextEquiv conf="0.92350959777832">
                        <pc:Unicode>aber</pc:Unicode>
                    </pc:TextEquiv>
                </pc:Word>
                <pc:Word id="region0004_line0007_word0009">
                    <pc:Coords points="2019,1375 2211,1375 2211,1426 2019,1426"/>
                    <pc:TextEquiv conf="0.916662750244141">
                        <pc:Unicode>keinen</pc:Unicode>
                    </pc:TextEquiv>
                </pc:Word>
                <pc:Word id="region0004_line0007_word0010">
                    <pc:Coords points="2263,1376 2472,1376 2472,1443 2263,1443"/>
                    <pc:TextEquiv conf="0.901709060668945">
                        <pc:Unicode>Körper</pc:Unicode>
                    </pc:TextEquiv>
                </pc:Word>
                <pc:TextEquiv conf="0.73110012401234">
                    <pc:Unicode>Körper 41) und k, haben den Körper 49, aber keinen Körper</pc:Unicode>
                </pc:TextEquiv>
            </pc:TextLine>
            <pc:TextLine id="region0004_line0008">
                <pc:Coords points="367,1461 2470,1461 2470,1544 367,1544"/>
                <pc:Word id="region0004_line0008_word0000">
                    <pc:Coords points="367,1474 600,1474 600,1526 367,1526"/>
                    <pc:TextEquiv conf="0.918280410766602">
                        <pc:Unicode>höheren</pc:Unicode>
                    </pc:TextEquiv>
                </pc:Word>
                <pc:Word id="region0004_line0008_word0001">
                    <pc:Coords points="637,1473 837,1473 837,1526 637,1526"/>
                    <pc:TextEquiv conf="0.925495300292969">
                        <pc:Unicode>Grades</pc:Unicode>
                    </pc:TextEquiv>
                </pc:Word>
                <pc:Word id="region0004_line0008_word0002">
                    <pc:Coords points="883,1474 960,1474 960,1527 883,1527"/>
                    <pc:TextEquiv conf="0.923001174926758">
                        <pc:Unicode>als</pc:Unicode>
                    </pc:TextEquiv>
                </pc:Word>
                <pc:Word id="region0004_line0008_word0003">
                    <pc:Coords points="1009,1475 1397,1475 1397,1541 1009,1541"/>
                    <pc:TextEquiv conf="0.917425231933594">
                        <pc:Unicode>gemeinsamen</pc:Unicode>
                    </pc:TextEquiv>
                </pc:Word>
                <pc:Word id="region0004_line0008_word0004">
                    <pc:Coords points="1432,1474 1810,1474 1810,1542 1432,1542"/>
                    <pc:TextEquiv conf="0.912692718505859">
                        <pc:Unicode>Unterkörper,</pc:Unicode>
                    </pc:TextEquiv>
                </pc:Word>
                <pc:Word id="region0004_line0008_word0005">
                    <pc:Coords points="1858,1477 1922,1477 1922,1527 1858,1527"/>
                    <pc:TextEquiv conf="0.924583129882813">
                        <pc:Unicode>da</pc:Unicode>
                    </pc:TextEquiv>
                </pc:Word>
                <pc:Word id="region0004_line0008_word0006">
                    <pc:Coords points="1961,1482 2109,1482 2109,1530 1961,1530"/>
                    <pc:TextEquiv conf="0.919009552001953">
                        <pc:Unicode>sonst</pc:Unicode>
                    </pc:TextEquiv>
                </pc:Word>
                <pc:Word id="region0004_line0008_word0007">
                    <pc:Coords points="2142,1461 2241,1461 2241,1544 2142,1544"/>
                    <pc:TextEquiv conf="0.">
                        <pc:Unicode>pC</pc:Unicode>
                    </pc:TextEquiv>
                </pc:Word>
                <pc:Word id="region0004_line0008_word0008">
                    <pc:Coords points="2280,1480 2338,1480 2338,1531 2280,1531"/>
                    <pc:TextEquiv conf="0.926341018676758">
                        <pc:Unicode>in</pc:Unicode>
                    </pc:TextEquiv>
                </pc:Word>
                <pc:Word id="region0004_line0008_word0009">
                    <pc:Coords points="2374,1461 2470,1461 2470,1529 2374,1529"/>
                    <pc:TextEquiv conf="0.">
                        <pc:Unicode>C)</pc:Unicode>
                    </pc:TextEquiv>
                </pc:Word>
                <pc:TextEquiv conf="0.93668285369873">
                    <pc:Unicode>höheren Grades als gemeinsamen Unterkörper, da sonst pC in C)</pc:Unicode>
                </pc:TextEquiv>
            </pc:TextLine>
            <pc:TextLine id="region0004_line0009">
                <pc:Coords points="367,1560 2474,1560 2474,1630 367,1630"/>
                <pc:Word id="region0004_line0009_word0000">
                    <pc:Coords points="367,1562 503,1562 503,1613 367,1613"/>
                    <pc:TextEquiv conf="0.909968719482422">
                        <pc:Unicode>noch</pc:Unicode>
                    </pc:TextEquiv>
                </pc:Word>
                <pc:Word id="region0004_line0009_word0001">
                    <pc:Coords points="558,1563 737,1563 737,1613 558,1613"/>
                    <pc:TextEquiv conf="0.91579948425293">
                        <pc:Unicode>weiter</pc:Unicode>
                    </pc:TextEquiv>
                </pc:Word>
                <pc:Word id="region0004_line0009_word0002">
                    <pc:Coords points="790,1562 1057,1562 1057,1629 790,1629"/>
                    <pc:TextEquiv conf="0.917806549072266">
                        <pc:Unicode>zerlegbar</pc:Unicode>
                    </pc:TextEquiv>
                </pc:Word>
                <pc:Word id="region0004_line0009_word0003">
                    <pc:Coords points="1112,1563 1228,1563 1228,1612 1112,1612"/>
                    <pc:TextEquiv conf="0.925541381835937">
                        <pc:Unicode>sein</pc:Unicode>
                    </pc:TextEquiv>
                </pc:Word>
                <pc:Word id="region0004_line0009_word0004">
                    <pc:Coords points="1275,1560 1487,1560 1487,1613 1275,1613"/>
                    <pc:TextEquiv conf="0.918340454101563">
                        <pc:Unicode>müsste.</pc:Unicode>
                    </pc:TextEquiv>
                </pc:Word>
                <pc:Word id="region0004_line0009_word0005">
                    <pc:Coords points="1562,1561 1907,1561 1907,1630 1562,1630"/>
                    <pc:TextEquiv conf="0.909054183959961">
                        <pc:Unicode>Desgleichen</pc:Unicode>
                    </pc:TextEquiv>
                </pc:Word>
                <pc:Word id="region0004_line0009_word0006">
                    <pc:Coords points="1950,1564 2121,1564 2121,1615 1950,1615"/>
                    <pc:TextEquiv conf="0.928218231201172">
                        <pc:Unicode>haben</pc:Unicode>
                    </pc:TextEquiv>
                </pc:Word>
                <pc:Word id="region0004_line0009_word0007">
                    <pc:Coords points="2160,1565 2245,1565 2245,1617 2160,1617"/>
                    <pc:TextEquiv conf="0.922603530883789">
                        <pc:Unicode>die</pc:Unicode>
                    </pc:TextEquiv>
                </pc:Word>
                <pc:Word id="region0004_line0009_word0008">
                    <pc:Coords points="2283,1567 2474,1567 2474,1618 2283,1618"/>
                    <pc:TextEquiv conf="0.922603530883789">
                        <pc:Unicode>beiden</pc:Unicode>
                    </pc:TextEquiv>
                </pc:Word>
                <pc:TextEquiv conf="0.91888178507487">
                    <pc:Unicode>noch weiter zerlegbar sein müsste. Desgleichen haben die beiden</pc:Unicode>
                </pc:TextEquiv>
            </pc:TextLine>
            <pc:TextLine id="region0004_line0010">
                <pc:Coords points="370,1629 2476,1629 2476,1723 370,1723"/>
                <pc:Word id="region0004_line0010_word0000">
                    <pc:Coords points="370,1649 574,1649 574,1716 370,1716"/>
                    <pc:TextEquiv conf="0.926718444824219">
                        <pc:Unicode>Körper</pc:Unicode>
                    </pc:TextEquiv>
                </pc:Word>
                <pc:Word id="region0004_line0010_word0001">
                    <pc:Coords points="628,1629 721,1629 721,1698 628,1698"/>
                    <pc:TextEquiv conf="0.">
                        <pc:Unicode>4e)</pc:Unicode>
                    </pc:TextEquiv>
                </pc:Word>
                <pc:Word id="region0004_line0010_word0002">
                    <pc:Coords points="780,1650 889,1650 889,1700 780,1700"/>
                    <pc:TextEquiv conf="0.884273986816406">
                        <pc:Unicode>und</pc:Unicode>
                    </pc:TextEquiv>
                </pc:Word>
                <pc:Word id="region0004_line0010_word0003">
                    <pc:Coords points="942,1650 996,1650 996,1723 942,1723"/>
                    <pc:TextEquiv conf="0.">
                        <pc:Unicode>é,</pc:Unicode>
                    </pc:TextEquiv>
                </pc:Word>
                <pc:Word id="region0004_line0010_word0004">
                    <pc:Coords points="1050,1648 1154,1648 1154,1700 1050,1700"/>
                    <pc:TextEquiv conf="0.865598068237305">
                        <pc:Unicode>den</pc:Unicode>
                    </pc:TextEquiv>
                </pc:Word>
                <pc:Word id="region0004_line0010_word0005">
                    <pc:Coords points="1207,1649 1411,1649 1411,1714 1207,1714"/>
                    <pc:TextEquiv conf="0.917319183349609">
                        <pc:Unicode>Körper</pc:Unicode>
                    </pc:TextEquiv>
                </pc:Word>
                <pc:Word id="region0004_line0010_word0006">
                    <pc:Coords points="1463,1630 1557,1630 1557,1720 1463,1720"/>
                    <pc:TextEquiv conf="0.">
                        <pc:Unicode>7</pc:Unicode>
                    </pc:TextEquiv>
                </pc:Word>
                <pc:Word id="region0004_line0010_word0007">
                    <pc:Coords points="1614,1666 1727,1666 1727,1700 1614,1700"/>
                    <pc:TextEquiv conf="0.928943328857422">
                        <pc:Unicode>zum</pc:Unicode>
                    </pc:TextEquiv>
                </pc:Word>
                <pc:Word id="region0004_line0010_word0008">
                    <pc:Coords points="1793,1650 2035,1650 2035,1717 1793,1717"/>
                    <pc:TextEquiv conf="0.90667236328125">
                        <pc:Unicode>grössten</pc:Unicode>
                    </pc:TextEquiv>
                </pc:Word>
                <pc:Word id="region0004_line0010_word0009">
                    <pc:Coords points="2089,1654 2476,1654 2476,1719 2089,1719"/>
                    <pc:TextEquiv conf="0.919461669921875">
                        <pc:Unicode>gemeinsamen</pc:Unicode>
                    </pc:TextEquiv>
                </pc:Word>
                <pc:TextEquiv conf="0.934898704528809">
                    <pc:Unicode>Körper 4e) und é, den Körper 7 zum grössten gemeinsamen</pc:Unicode>
                </pc:TextEquiv>
            </pc:TextLine>
            <pc:TextLine id="region0004_line0011">
                <pc:Coords points="368,1733 2475,1733 2475,1826 368,1826"/>
                <pc:Word id="region0004_line0011_word0000">
                    <pc:Coords points="368,1753 740,1753 740,1820 368,1820"/>
                    <pc:TextEquiv conf="0.871222763061523">
                        <pc:Unicode>Unterkörper.</pc:Unicode>
                    </pc:TextEquiv>
                </pc:Word>
                <pc:Word id="region0004_line0011_word0001">
                    <pc:Coords points="836,1754 951,1754 951,1805 836,1805"/>
                    <pc:TextEquiv conf="0.926109466552734">
                        <pc:Unicode>Wir</pc:Unicode>
                    </pc:TextEquiv>
                </pc:Word>
                <pc:Word id="region0004_line0011_word0002">
                    <pc:Coords points="1019,1753 1173,1753 1173,1820 1019,1820"/>
                    <pc:TextEquiv conf="0.91431640625">
                        <pc:Unicode>legen</pc:Unicode>
                    </pc:TextEquiv>
                </pc:Word>
                <pc:Word id="region0004_line0011_word0003">
                    <pc:Coords points="1240,1769 1347,1769 1347,1804 1240,1804"/>
                    <pc:TextEquiv conf="0.90473762512207">
                        <pc:Unicode>nun</pc:Unicode>
                    </pc:TextEquiv>
                </pc:Word>
                <pc:Word id="region0004_line0011_word0004">
                    <pc:Coords points="1409,1736 1497,1736 1497,1826 1409,1826"/>
                    <pc:TextEquiv conf="0.">
                        <pc:Unicode>A.b</pc:Unicode>
                    </pc:TextEquiv>
                </pc:Word>
                <pc:Word id="region0004_line0011_word0005">
                    <pc:Coords points="1512,1733 1552,1733 1552,1783 1512,1783"/>
                    <pc:TextEquiv conf="0.722761840820312">
                        <pc:Unicode>²)</pc:Unicode>
                    </pc:TextEquiv>
                </pc:Word>
                <pc:Word id="region0004_line0011_word0006">
                    <pc:Coords points="1613,1754 1688,1754 1688,1804 1613,1804"/>
                    <pc:TextEquiv conf="0.895401229858398">
                        <pc:Unicode>als</pc:Unicode>
                    </pc:TextEquiv>
                </pc:Word>
                <pc:Word id="region0004_line0011_word0007">
                    <pc:Coords points="1761,1755 2340,1755 2340,1808 1761,1808"/>
                    <pc:TextEquiv conf="0.895401229858398">
                        <pc:Unicode>Rationalitätsbereich</pc:Unicode>
                    </pc:TextEquiv>
                </pc:Word>
                <pc:Word id="region0004_line0011_word0008">
                    <pc:Coords points="2410,1775 2475,1775 2475,1810 2410,1810"/>
                    <pc:TextEquiv conf="0.900027465820312">
                        <pc:Unicode>zu</pc:Unicode>
                    </pc:TextEquiv>
                </pc:Word>
                <pc:TextEquiv conf="0.892219780815972">
                    <pc:Unicode>Unterkörper. Wir legen nun A.b ²) als Rationalitätsbereich zu</pc:Unicode>
                </pc:TextEquiv>
            </pc:TextLine>
            <pc:TextLine id="region0004_line0012">
                <pc:Coords points="372,1840 2479,1840 2479,1914 372,1914"/>
                <pc:Word id="region0004_line0012_word0000">
                    <pc:Coords points="372,1840 610,1840 610,1904 372,1904"/>
                    <pc:TextEquiv conf="0.925597229003906">
                        <pc:Unicode>Grunde;</pc:Unicode>
                    </pc:TextEquiv>
                </pc:Word>
                <pc:Word id="region0004_line0012_word0001">
                    <pc:Coords points="672,1857 728,1857 728,1892 672,1892"/>
                    <pc:TextEquiv conf="0.928834075927734">
                        <pc:Unicode>es</pc:Unicode>
                    </pc:TextEquiv>
                </pc:Word>
                <pc:Word id="region0004_line0012_word0002">
                    <pc:Coords points="783,1842 855,1842 855,1892 783,1892"/>
                    <pc:TextEquiv conf="0.922132568359375">
                        <pc:Unicode>ist</pc:Unicode>
                    </pc:TextEquiv>
                </pc:Word>
                <pc:Word id="region0004_line0012_word0003">
                    <pc:Coords points="909,1842 1048,1842 1048,1893 909,1893"/>
                    <pc:TextEquiv conf="0.918046112060547">
                        <pc:Unicode>dann</pc:Unicode>
                    </pc:TextEquiv>
                </pc:Word>
                <pc:Word id="region0004_line0012_word0004">
                    <pc:Coords points="1096,1842 1150,1842 1150,1914 1096,1914"/>
                    <pc:TextEquiv conf="0.671706390380859">
                        <pc:Unicode>,</pc:Unicode>
                    </pc:TextEquiv>
                </pc:Word>
                <pc:Word id="region0004_line0012_word0005">
                    <pc:Coords points="1201,1841 1286,1841 1286,1891 1201,1891"/>
                    <pc:TextEquiv conf="0.927927017211914">
                        <pc:Unicode>ein</pc:Unicode>
                    </pc:TextEquiv>
                </pc:Word>
                <pc:Word id="region0004_line0012_word0006">
                    <pc:Coords points="1343,1841 1544,1841 1544,1892 1343,1892"/>
                    <pc:TextEquiv conf="0.923907928466797">
                        <pc:Unicode>solcher</pc:Unicode>
                    </pc:TextEquiv>
                </pc:Word>
                <pc:Word id="region0004_line0012_word0007">
                    <pc:Coords points="1597,1841 1994,1841 1994,1908 1597,1908"/>
                    <pc:TextEquiv conf="0.908157196044922">
                        <pc:Unicode>Relativkörper</pc:Unicode>
                    </pc:TextEquiv>
                </pc:Word>
                <pc:Word id="region0004_line0012_word0008">
                    <pc:Coords points="2046,1845 2102,1845 2102,1894 2046,1894"/>
                    <pc:TextEquiv conf="0.909168701171875">
                        <pc:Unicode>in</pc:Unicode>
                    </pc:TextEquiv>
                </pc:Word>
                <pc:Word id="region0004_line0012_word0009">
                    <pc:Coords points="2156,1843 2334,1843 2334,1913 2156,1913"/>
                    <pc:TextEquiv conf="0.901376800537109">
                        <pc:Unicode>Bezug</pc:Unicode>
                    </pc:TextEquiv>
                </pc:Word>
                <pc:Word id="region0004_line0012_word0010">
                    <pc:Coords points="2389,1846 2479,1846 2479,1896 2389,1896"/>
                    <pc:TextEquiv conf="0.890458602905273">
                        <pc:Unicode>auf</pc:Unicode>
                    </pc:TextEquiv>
                </pc:Word>
                <pc:TextEquiv conf="0.893392056551847">
                    <pc:Unicode>Grunde; es ist dann , ein solcher Relativkörper in Bezug auf</pc:Unicode>
                </pc:TextEquiv>
            </pc:TextLine>
            <pc:TextEquiv conf="0.876072132166912">
                <pc:Unicode>gruppe von in Bezug auf Pll 2) keine cyklische Untergruppe von
höherem als dem Ften Grade enthalten kann. Da k als Trägheits-
körper des Primideals P eine cyklische Relativgruppe in Bezug auf
E, besitzen muss und der Körper E, den Körper Al. enthält, 80
tolgt, dass jene cyklische Relativgruppe von z in Bezug auf .
höchstens den Grad F hat.
Andererseits stellen wir folgende Betrachtungen an. Die beiden
Körper 41) und k, haben den Körper 49, aber keinen Körper
höheren Grades als gemeinsamen Unterkörper, da sonst pC in C)
noch weiter zerlegbar sein müsste. Desgleichen haben die beiden
Körper 4e) und é, den Körper 7 zum grössten gemeinsamen
Unterkörper. Wir legen nun A.b ²) als Rationalitätsbereich zu
Grunde; es ist dann , ein solcher Relativkörper in Bezug auf</pc:Unicode>
            </pc:TextEquiv>
        </pc:TextRegion>
        <pc:TextRegion id="region0005" orientation="0.208904924282194" readingDirection="left-to-right" textLineOrder="top-to-bottom">
            <pc:Coords points="371,1926 2475,1926 2475,2128 371,2128"/>
            <pc:TextLine id="region0005_line0000">
                <pc:Coords points="371,1926 2475,1926 2475,2019 371,2019"/>
                <pc:Word id="region0005_line0000_word0000">
                    <pc:Coords points="371,1927 540,1927 540,2019 371,2019"/>
                    <pc:TextEquiv conf="0.">
                        <pc:Unicode>612,</pc:Unicode>
                    </pc:TextEquiv>
                </pc:Word>
                <pc:Word id="region0005_line0000_word0001">
                    <pc:Coords points="582,1947 672,1947 672,1998 582,1998"/>
                    <pc:TextEquiv conf="0.912613525390625">
                        <pc:Unicode>der</pc:Unicode>
                    </pc:TextEquiv>
                </pc:Word>
                <pc:Word id="region0005_line0000_word0002">
                    <pc:Coords points="697,1946 868,1946 868,1997 697,1997"/>
                    <pc:TextEquiv conf="0.912613525390625">
                        <pc:Unicode>weder</pc:Unicode>
                    </pc:TextEquiv>
                </pc:Word>
                <pc:Word id="region0005_line0000_word0003">
                    <pc:Coords points="893,1947 987,1947 987,1997 893,1997"/>
                    <pc:TextEquiv conf="0.921221466064453">
                        <pc:Unicode>mit</pc:Unicode>
                    </pc:TextEquiv>
                </pc:Word>
                <pc:Word id="region0005_line0000_word0004">
                    <pc:Coords points="1018,1926 1132,1926 1132,2010 1018,2010"/>
                    <pc:TextEquiv conf="0.">
                        <pc:Unicode>9,</pc:Unicode>
                    </pc:TextEquiv>
                </pc:Word>
                <pc:Word id="region0005_line0000_word0005">
                    <pc:Coords points="1170,1945 1304,1945 1304,1996 1170,1996"/>
                    <pc:TextEquiv conf="0.931504287719727">
                        <pc:Unicode>noch</pc:Unicode>
                    </pc:TextEquiv>
                </pc:Word>
                <pc:Word id="region0005_line0000_word0006">
                    <pc:Coords points="1340,1945 1435,1945 1435,1995 1340,1995"/>
                    <pc:TextEquiv conf="0.921885375976563">
                        <pc:Unicode>mit</pc:Unicode>
                    </pc:TextEquiv>
                </pc:Word>
                <pc:Word id="region0005_line0000_word0007">
                    <pc:Coords points="1469,1926 1561,1926 1561,1993 1469,1993"/>
                    <pc:TextEquiv conf="0.">
                        <pc:Unicode>hG)</pc:Unicode>
                    </pc:TextEquiv>
                </pc:Word>
                <pc:Word id="region0005_line0000_word0008">
                    <pc:Coords points="1607,1946 1761,1946 1761,1996 1607,1996"/>
                    <pc:TextEquiv conf="0.922768630981445">
                        <pc:Unicode>einen</pc:Unicode>
                    </pc:TextEquiv>
                </pc:Word>
                <pc:Word id="region0005_line0000_word0009">
                    <pc:Coords points="1786,1944 2182,1944 2182,2014 1786,2014"/>
                    <pc:TextEquiv conf="0.910139007568359">
                        <pc:Unicode>Relativkörper</pc:Unicode>
                    </pc:TextEquiv>
                </pc:Word>
                <pc:Word id="region0005_line0000_word0010">
                    <pc:Coords points="2217,1950 2274,1950 2274,2001 2217,2001"/>
                    <pc:TextEquiv conf="0.923999710083008">
                        <pc:Unicode>in</pc:Unicode>
                    </pc:TextEquiv>
                </pc:Word>
                <pc:Word id="region0005_line0000_word0011">
                    <pc:Coords points="2298,1950 2475,1950 2475,2019 2298,2019"/>
                    <pc:TextEquiv conf="0.926098403930664">
                        <pc:Unicode>Bezug</pc:Unicode>
                    </pc:TextEquiv>
                </pc:Word>
                <pc:TextEquiv conf="0.940236994425456">
                    <pc:Unicode>612, der weder mit 9, noch mit hG) einen Relativkörper in Bezug</pc:Unicode>
                </pc:TextEquiv>
            </pc:TextLine>
            <pc:TextLine id="region0005_line0001">
                <pc:Coords points="371,2032 2475,2032 2475,2128 371,2128"/>
                <pc:Word id="region0005_line0001_word0000">
                    <pc:Coords points="371,2050 464,2050 464,2101 371,2101"/>
                    <pc:TextEquiv conf="0.920380096435547">
                        <pc:Unicode>auf</pc:Unicode>
                    </pc:TextEquiv>
                </pc:Word>
                <pc:Word id="region0005_line0001_word0001">
                    <pc:Coords points="495,2032 583,2032 583,2124 495,2124"/>
                    <pc:TextEquiv conf="0.">
                        <pc:Unicode>4(</pc:Unicode>
                    </pc:TextEquiv>
                </pc:Word>
                <pc:Word id="region0005_line0001_word0002">
                    <pc:Coords points="605,2032 646,2032 646,2083 605,2083"/>
                    <pc:TextEquiv conf="0.">
                        <pc:Unicode>²)</pc:Unicode>
                    </pc:TextEquiv>
                </pc:Word>
                <pc:Word id="region0005_line0001_word0003">
                    <pc:Coords points="694,2051 902,2051 902,2117 694,2117"/>
                    <pc:TextEquiv conf="0.915529098510742">
                        <pc:Unicode>gemein</pc:Unicode>
                    </pc:TextEquiv>
                </pc:Word>
                <pc:Word id="region0005_line0001_word0004">
                    <pc:Coords points="951,2052 1055,2052 1055,2102 951,2102"/>
                    <pc:TextEquiv conf="0.9155615234375">
                        <pc:Unicode>hat.</pc:Unicode>
                    </pc:TextEquiv>
                </pc:Word>
                <pc:Word id="region0005_line0001_word0005">
                    <pc:Coords points="1128,2050 1348,2050 1348,2101 1128,2101"/>
                    <pc:TextEquiv conf="0.918889999389648">
                        <pc:Unicode>Hieraus</pc:Unicode>
                    </pc:TextEquiv>
                </pc:Word>
                <pc:Word id="region0005_line0001_word0006">
                    <pc:Coords points="1396,2048 1682,2048 1682,2099 1396,2099"/>
                    <pc:TextEquiv conf="0.6851123046875">
                        <pc:Unicode>schliessen</pc:Unicode>
                    </pc:TextEquiv>
                </pc:Word>
                <pc:Word id="region0005_line0001_word0007">
                    <pc:Coords points="1728,2049 1820,2049 1820,2100 1728,2100"/>
                    <pc:TextEquiv conf="0.923365707397461">
                        <pc:Unicode>wir</pc:Unicode>
                    </pc:TextEquiv>
                </pc:Word>
                <pc:Word id="region0005_line0001_word0008">
                    <pc:Coords points="1857,2050 1992,2050 1992,2101 1857,2101"/>
                    <pc:TextEquiv conf="0.915531005859375">
                        <pc:Unicode>ohne</pc:Unicode>
                    </pc:TextEquiv>
                </pc:Word>
                <pc:Word id="region0005_line0001_word0009">
                    <pc:Coords points="2029,2051 2209,2051 2209,2118 2029,2118"/>
                    <pc:TextEquiv conf="0.909712905883789">
                        <pc:Unicode>Mühe,</pc:Unicode>
                    </pc:TextEquiv>
                </pc:Word>
                <pc:Word id="region0005_line0001_word0010">
                    <pc:Coords points="2264,2054 2386,2054 2386,2106 2264,2106"/>
                    <pc:TextEquiv conf="0.926378860473633">
                        <pc:Unicode>dass</pc:Unicode>
                    </pc:TextEquiv>
                </pc:Word>
                <pc:Word id="region0005_line0001_word0011">
                    <pc:Coords points="2422,2057 2475,2057 2475,2128 2422,2128"/>
                    <pc:TextEquiv conf="0.300405197143555">
                        <pc:Unicode>k.</pc:Unicode>
                    </pc:TextEquiv>
                </pc:Word>
                <pc:TextEquiv conf="0.860905558268229">
                    <pc:Unicode>auf 4( ²) gemein hat. Hieraus schliessen wir ohne Mühe, dass k.</pc:Unicode>
                </pc:TextEquiv>
            </pc:TextLine>
            <pc:TextEquiv conf="0.900571276346843">
                <pc:Unicode>612, der weder mit 9, noch mit hG) einen Relativkörper in Bezug
auf 4( ²) gemein hat. Hieraus schliessen wir ohne Mühe, dass k.</pc:Unicode>
            </pc:TextEquiv>
        </pc:TextRegion>
        <pc:TextRegion id="region0006" orientation="0.208904924282194" readingDirection="left-to-right" textLineOrder="top-to-bottom">
            <pc:Coords points="1307,2136 1445,2136 1445,2289 1307,2289"/>
            <pc:TextLine id="region0006_line0000">
                <pc:Coords points="1307,2136 1445,2136 1445,2216 1307,2216"/>
                <pc:Word id="region0006_line0000_word0000">
                    <pc:Coords points="1307,2136 1445,2136 1445,2216 1307,2216"/>
                    <pc:TextEquiv conf="0.">
                        <pc:Unicode>Pr.</pc:Unicode>
                    </pc:TextEquiv>
                </pc:Word>
                <pc:TextEquiv conf="1.">
                    <pc:Unicode>Pr.</pc:Unicode>
                </pc:TextEquiv>
            </pc:TextLine>
            <pc:TextLine id="region0006_line0001">
                <pc:Coords points="1345,2227 1390,2227 1390,2289 1345,2289"/>
                <pc:Word id="region0006_line0001_word0000">
                    <pc:Coords points="1345,2227 1390,2227 1390,2289 1345,2289"/>
                    <pc:TextEquiv conf="0.563384552001953">
                        <pc:Unicode>.</pc:Unicode>
                    </pc:TextEquiv>
                </pc:Word>
                <pc:TextEquiv conf="0.563384552001953">
                    <pc:Unicode>.</pc:Unicode>
                </pc:TextEquiv>
            </pc:TextLine>
            <pc:TextEquiv conf="0.781692276000977">
                <pc:Unicode>Pr.
.</pc:Unicode>
            </pc:TextEquiv>
        </pc:TextRegion>
        <pc:TextRegion id="region0007" orientation="0.208904924282194" readingDirection="left-to-right" textLineOrder="top-to-bottom">
            <pc:Coords points="1489,2162 2473,2162 2473,2252 1489,2252"/>
            <pc:TextLine id="region0007_line0000">
                <pc:Coords points="1489,2162 2473,2162 2473,2252 1489,2252"/>
                <pc:Word id="region0007_line0000_word0000">
                    <pc:Coords points="1489,2180 1545,2180 1545,2229 1489,2229"/>
                    <pc:TextEquiv conf="0.909183654785156">
                        <pc:Unicode>in</pc:Unicode>
                    </pc:TextEquiv>
                </pc:Word>
                <pc:Word id="region0007_line0000_word0001">
                    <pc:Coords points="1591,2178 1767,2178 1767,2246 1591,2246"/>
                    <pc:TextEquiv conf="0.909183654785156">
                        <pc:Unicode>Bezug</pc:Unicode>
                    </pc:TextEquiv>
                </pc:Word>
                <pc:Word id="region0007_line0000_word0002">
                    <pc:Coords points="1821,2177 1912,2177 1912,2230 1821,2230"/>
                    <pc:TextEquiv conf="0.926660079956055">
                        <pc:Unicode>auf</pc:Unicode>
                    </pc:TextEquiv>
                </pc:Word>
                <pc:Word id="region0007_line0000_word0003">
                    <pc:Coords points="1955,2162 2041,2162 2041,2252 1955,2252"/>
                    <pc:TextEquiv conf="0.241359100341797">
                        <pc:Unicode>6</pc:Unicode>
                    </pc:TextEquiv>
                </pc:Word>
                <pc:Word id="region0007_line0000_word0004">
                    <pc:Coords points="2065,2162 2105,2162 2105,2213 2065,2213"/>
                    <pc:TextEquiv conf="0.702266693115234">
                        <pc:Unicode>²)</pc:Unicode>
                    </pc:TextEquiv>
                </pc:Word>
                <pc:Word id="region0007_line0000_word0005">
                    <pc:Coords points="2153,2183 2267,2183 2267,2234 2153,2234"/>
                    <pc:TextEquiv conf="0.903627777099609">
                        <pc:Unicode>sein</pc:Unicode>
                    </pc:TextEquiv>
                </pc:Word>
                <pc:Word id="region0007_line0000_word0006">
                    <pc:Coords points="2316,2183 2473,2183 2473,2236 2316,2236"/>
                    <pc:TextEquiv conf="0.880512542724609">
                        <pc:Unicode>kann.</pc:Unicode>
                    </pc:TextEquiv>
                </pc:Word>
                <pc:TextEquiv conf="0.781827643258231">
                    <pc:Unicode>in Bezug auf 6 ²) sein kann.</pc:Unicode>
                </pc:TextEquiv>
            </pc:TextLine>
            <pc:TextEquiv conf="0.781827643258231">
                <pc:Unicode>in Bezug auf 6 ²) sein kann.</pc:Unicode>
            </pc:TextEquiv>
        </pc:TextRegion>
        <pc:TextRegion id="region0008" orientation="0.208904924282194" readingDirection="left-to-right" textLineOrder="top-to-bottom">
            <pc:Coords points="1898,2290 2127,2290 2127,2353 1898,2353"/>
            <pc:TextLine id="region0008_line0000">
                <pc:Coords points="1898,2290 2127,2290 2127,2353 1898,2353"/>
                <pc:Word id="region0008_line0000_word0000">
                    <pc:Coords points="1898,2290 2001,2290 2001,2352 1898,2352"/>
                    <pc:TextEquiv conf="0.573429946899414">
                        <pc:Unicode>e1./1</pc:Unicode>
                    </pc:TextEquiv>
                </pc:Word>
                <pc:Word id="region0008_line0000_word0001">
                    <pc:Coords points="2018,2292 2127,2292 2127,2353 2018,2353"/>
                    <pc:TextEquiv conf="0.272439117431641">
                        <pc:Unicode>e2.2</pc:Unicode>
                    </pc:TextEquiv>
                </pc:Word>
                <pc:TextEquiv conf="0.422934532165527">
                    <pc:Unicode>e1./1 e2.2</pc:Unicode>
                </pc:TextEquiv>
            </pc:TextLine>
            <pc:TextEquiv conf="0.422934532165527">
                <pc:Unicode>e1./1 e2.2</pc:Unicode>
            </pc:TextEquiv>
        </pc:TextRegion>
        <pc:TextRegion id="region0009" orientation="0.208904924282194" readingDirection="left-to-right" textLineOrder="top-to-bottom">
            <pc:Coords points="373,2181 1251,2181 1251,2248 373,2248"/>
            <pc:TextLine id="region0009_line0000">
                <pc:Coords points="373,2181 1251,2181 1251,2248 373,2248"/>
                <pc:Word id="region0009_line0000_word0000">
                    <pc:Coords points="373,2181 654,2181 654,2233 373,2233"/>
                    <pc:TextEquiv conf="0.913752365112305">
                        <pc:Unicode>höchstens</pc:Unicode>
                    </pc:TextEquiv>
                </pc:Word>
                <pc:Word id="region0009_line0000_word0001">
                    <pc:Coords points="714,2197 828,2197 828,2233 714,2233"/>
                    <pc:TextEquiv conf="0.929647979736328">
                        <pc:Unicode>vom</pc:Unicode>
                    </pc:TextEquiv>
                </pc:Word>
                <pc:Word id="region0009_line0000_word0002">
                    <pc:Coords points="883,2181 1251,2181 1251,2248 883,2248"/>
                    <pc:TextEquiv conf="0.916196136474609">
                        <pc:Unicode>Relativgrade</pc:Unicode>
                    </pc:TextEquiv>
                </pc:Word>
                <pc:TextEquiv conf="0.919865493774414">
                    <pc:Unicode>höchstens vom Relativgrade</pc:Unicode>
                </pc:TextEquiv>
            </pc:TextLine>
            <pc:TextEquiv conf="0.919865493774414">
                <pc:Unicode>höchstens vom Relativgrade</pc:Unicode>
            </pc:TextEquiv>
        </pc:TextRegion>
        <pc:TextRegion id="region0010" orientation="0.208904924282194" readingDirection="left-to-right" textLineOrder="top-to-bottom">
            <pc:Coords points="373,2332 2474,2332 2474,2412 373,2412"/>
            <pc:TextLine id="region0010_line0000">
                <pc:Coords points="373,2332 2474,2332 2474,2412 373,2412"/>
                <pc:Word id="region0010_line0000_word0000">
                    <pc:Coords points="373,2336 476,2336 476,2387 373,2387"/>
                    <pc:TextEquiv conf="0.920009231567383">
                        <pc:Unicode>Der</pc:Unicode>
                    </pc:TextEquiv>
                </pc:Word>
                <pc:Word id="region0010_line0000_word0001">
                    <pc:Coords points="520,2336 725,2336 725,2403 520,2403"/>
                    <pc:TextEquiv conf="0.921338806152344">
                        <pc:Unicode>Körper</pc:Unicode>
                    </pc:TextEquiv>
                </pc:Word>
                <pc:Word id="region0010_line0000_word0002">
                    <pc:Coords points="760,2337 814,2337 814,2412 760,2412"/>
                    <pc:TextEquiv conf="0.">
                        <pc:Unicode>E,</pc:Unicode>
                    </pc:TextEquiv>
                </pc:Word>
                <pc:Word id="region0010_line0000_word0003">
                    <pc:Coords points="850,2338 922,2338 922,2390 850,2390"/>
                    <pc:TextEquiv conf="0.876396636962891">
                        <pc:Unicode>ist</pc:Unicode>
                    </pc:TextEquiv>
                </pc:Word>
                <pc:Word id="region0010_line0000_word0004">
                    <pc:Coords points="974,2336 1134,2336 1134,2388 974,2388"/>
                    <pc:TextEquiv conf="0.92291015625">
                        <pc:Unicode>daher</pc:Unicode>
                    </pc:TextEquiv>
                </pc:Word>
                <pc:Word id="region0010_line0000_word0005">
                    <pc:Coords points="1187,2335 1466,2335 1466,2387 1187,2387"/>
                    <pc:TextEquiv conf="0.911041488647461">
                        <pc:Unicode>höchstens</pc:Unicode>
                    </pc:TextEquiv>
                </pc:Word>
                <pc:Word id="region0010_line0000_word0006">
                    <pc:Coords points="1515,2350 1630,2350 1630,2386 1515,2386"/>
                    <pc:TextEquiv conf="0.924104690551758">
                        <pc:Unicode>vom</pc:Unicode>
                    </pc:TextEquiv>
                </pc:Word>
                <pc:Word id="region0010_line0000_word0007">
                    <pc:Coords points="1669,2332 1837,2332 1837,2385 1669,2385"/>
                    <pc:TextEquiv conf="0.92076545715332">
                        <pc:Unicode>Grade</pc:Unicode>
                    </pc:TextEquiv>
                </pc:Word>
                <pc:Word id="region0010_line0000_word0008">
                    <pc:Coords points="2161,2374 2173,2374 2173,2397 2161,2397"/>
                    <pc:TextEquiv conf="0.719598083496094">
                        <pc:Unicode>„</pc:Unicode>
                    </pc:TextEquiv>
                </pc:Word>
                <pc:Word id="region0010_line0000_word0009">
                    <pc:Coords points="2213,2339 2260,2339 2260,2388 2213,2388"/>
                    <pc:TextEquiv conf="0.719598083496094">
                        <pc:Unicode>d.</pc:Unicode>
                    </pc:TextEquiv>
                </pc:Word>
                <pc:Word id="region0010_line0000_word0010">
                    <pc:Coords points="2300,2339 2348,2339 2348,2389 2300,2389"/>
                    <pc:TextEquiv conf="0.927677459716797">
                        <pc:Unicode>h.</pc:Unicode>
                    </pc:TextEquiv>
                </pc:Word>
                <pc:Word id="region0010_line0000_word0011">
                    <pc:Coords points="2389,2339 2474,2339 2474,2390 2389,2390"/>
                    <pc:TextEquiv conf="0.921992797851563">
                        <pc:Unicode>die</pc:Unicode>
                    </pc:TextEquiv>
                </pc:Word>
                <pc:TextEquiv conf="0.890452740987142">
                    <pc:Unicode>Der Körper E, ist daher höchstens vom Grade „ d. h. die</pc:Unicode>
                </pc:TextEquiv>
            </pc:TextLine>
            <pc:TextEquiv conf="0.890452740987142">
                <pc:Unicode>Der Körper E, ist daher höchstens vom Grade „ d. h. die</pc:Unicode>
            </pc:TextEquiv>
        </pc:TextRegion>
        <pc:TextRegion id="region0011" orientation="0.208904924282194" readingDirection="left-to-right" textLineOrder="top-to-bottom">
            <pc:Coords points="370,2447 2479,2447 2479,3567 370,3567"/>
            <pc:TextLine id="region0011_line0000">
                <pc:Coords points="373,2447 2476,2447 2476,2521 373,2521"/>
                <pc:Word id="region0011_line0000_word0000">
                    <pc:Coords points="373,2449 787,2449 787,2517 373,2517"/>
                    <pc:TextEquiv conf="0.898238983154297">
                        <pc:Unicode>Relativgruppe</pc:Unicode>
                    </pc:TextEquiv>
                </pc:Word>
                <pc:Word id="region0011_line0000_word0001">
                    <pc:Coords points="834,2465 937,2465 937,2501 834,2501"/>
                    <pc:TextEquiv conf="0.920800170898437">
                        <pc:Unicode>von</pc:Unicode>
                    </pc:TextEquiv>
                </pc:Word>
                <pc:Word id="region0011_line0000_word0002">
                    <pc:Coords points="974,2450 1003,2450 1003,2497 974,2497"/>
                    <pc:TextEquiv conf="0.48046989440918">
                        <pc:Unicode>&amp;</pc:Unicode>
                    </pc:TextEquiv>
                </pc:Word>
                <pc:Word id="region0011_line0000_word0003">
                    <pc:Coords points="1040,2449 1097,2449 1097,2500 1040,2500"/>
                    <pc:TextEquiv conf="0.930960693359375">
                        <pc:Unicode>in</pc:Unicode>
                    </pc:TextEquiv>
                </pc:Word>
                <pc:Word id="region0011_line0000_word0004">
                    <pc:Coords points="1140,2447 1316,2447 1316,2515 1140,2515"/>
                    <pc:TextEquiv conf="0.928363952636719">
                        <pc:Unicode>Bezug</pc:Unicode>
                    </pc:TextEquiv>
                </pc:Word>
                <pc:Word id="region0011_line0000_word0005">
                    <pc:Coords points="1364,2447 1457,2447 1457,2499 1364,2499"/>
                    <pc:TextEquiv conf="0.929317321777344">
                        <pc:Unicode>auf</pc:Unicode>
                    </pc:TextEquiv>
                </pc:Word>
                <pc:Word id="region0011_line0000_word0006">
                    <pc:Coords points="1498,2449 1549,2449 1549,2521 1498,2521"/>
                    <pc:TextEquiv conf="0.697271270751953">
                        <pc:Unicode>4,</pc:Unicode>
                    </pc:TextEquiv>
                </pc:Word>
                <pc:Word id="region0011_line0000_word0007">
                    <pc:Coords points="1595,2448 1683,2448 1683,2498 1595,2498"/>
                    <pc:TextEquiv conf="0.915603561401367">
                        <pc:Unicode>hat</pc:Unicode>
                    </pc:TextEquiv>
                </pc:Word>
                <pc:Word id="region0011_line0000_word0008">
                    <pc:Coords points="1727,2447 2051,2447 2051,2500 1727,2500"/>
                    <pc:TextEquiv conf="0.908227996826172">
                        <pc:Unicode>mindestens</pc:Unicode>
                    </pc:TextEquiv>
                </pc:Word>
                <pc:Word id="region0011_line0000_word0009">
                    <pc:Coords points="2100,2450 2203,2450 2203,2500 2100,2500"/>
                    <pc:TextEquiv conf="0.915110397338867">
                        <pc:Unicode>den</pc:Unicode>
                    </pc:TextEquiv>
                </pc:Word>
                <pc:Word id="region0011_line0000_word0010">
                    <pc:Coords points="2251,2448 2391,2448 2391,2501 2251,2501"/>
                    <pc:TextEquiv conf="0.924876556396484">
                        <pc:Unicode>Grad</pc:Unicode>
                    </pc:TextEquiv>
                </pc:Word>
                <pc:Word id="region0011_line0000_word0011">
                    <pc:Coords points="2424,2453 2476,2453 2476,2517 2424,2517"/>
                    <pc:TextEquiv conf="0.909252014160156">
                        <pc:Unicode>f.</pc:Unicode>
                    </pc:TextEquiv>
                </pc:Word>
                <pc:TextEquiv conf="0.863207734425863">
                    <pc:Unicode>Relativgruppe von &amp; in Bezug auf 4, hat mindestens den Grad f.</pc:Unicode>
                </pc:TextEquiv>
            </pc:TextLine>
            <pc:TextLine id="region0011_line0001">
                <pc:Coords points="371,2534 2477,2534 2477,2604 371,2604"/>
                <pc:Word id="region0011_line0001_word0000">
                    <pc:Coords points="371,2536 496,2536 496,2587 371,2587"/>
                    <pc:TextEquiv conf="0.904441909790039">
                        <pc:Unicode>Dies</pc:Unicode>
                    </pc:TextEquiv>
                </pc:Word>
                <pc:Word id="region0011_line0001_word0001">
                    <pc:Coords points="544,2552 843,2552 843,2588 544,2588"/>
                    <pc:TextEquiv conf="0.910398788452148">
                        <pc:Unicode>zusammen</pc:Unicode>
                    </pc:TextEquiv>
                </pc:Word>
                <pc:Word id="region0011_line0001_word0002">
                    <pc:Coords points="888,2536 982,2536 982,2587 888,2587"/>
                    <pc:TextEquiv conf="0.928629837036133">
                        <pc:Unicode>mit</pc:Unicode>
                    </pc:TextEquiv>
                </pc:Word>
                <pc:Word id="region0011_line0001_word0003">
                    <pc:Coords points="1026,2535 1119,2535 1119,2587 1026,2587"/>
                    <pc:TextEquiv conf="0.926466598510742">
                        <pc:Unicode>der</pc:Unicode>
                    </pc:TextEquiv>
                </pc:Word>
                <pc:Word id="region0011_line0001_word0004">
                    <pc:Coords points="1157,2535 1293,2535 1293,2588 1157,2588"/>
                    <pc:TextEquiv conf="0.927257690429688">
                        <pc:Unicode>oben</pc:Unicode>
                    </pc:TextEquiv>
                </pc:Word>
                <pc:Word id="region0011_line0001_word0005">
                    <pc:Coords points="1328,2536 1655,2536 1655,2587 1328,2587"/>
                    <pc:TextEquiv conf="0.907513046264648">
                        <pc:Unicode>bewiesenen</pc:Unicode>
                    </pc:TextEquiv>
                </pc:Word>
                <pc:Word id="region0011_line0001_word0006">
                    <pc:Coords points="1691,2534 1979,2534 1979,2586 1691,2586"/>
                    <pc:TextEquiv conf="0.916385269165039">
                        <pc:Unicode>Thatsache</pc:Unicode>
                    </pc:TextEquiv>
                </pc:Word>
                <pc:Word id="region0011_line0001_word0007">
                    <pc:Coords points="2019,2536 2179,2536 2179,2604 2019,2604"/>
                    <pc:TextEquiv conf="0.922435150146484">
                        <pc:Unicode>zeigt,</pc:Unicode>
                    </pc:TextEquiv>
                </pc:Word>
                <pc:Word id="region0011_line0001_word0008">
                    <pc:Coords points="2225,2536 2347,2536 2347,2588 2225,2588"/>
                    <pc:TextEquiv conf="0.919441375732422">
                        <pc:Unicode>dass</pc:Unicode>
                    </pc:TextEquiv>
                </pc:Word>
                <pc:Word id="region0011_line0001_word0009">
                    <pc:Coords points="2385,2536 2477,2536 2477,2588 2385,2588"/>
                    <pc:TextEquiv conf="0.919441375732422">
                        <pc:Unicode>der</pc:Unicode>
                    </pc:TextEquiv>
                </pc:Word>
                <pc:TextEquiv conf="0.918241104125977">
                    <pc:Unicode>Dies zusammen mit der oben bewiesenen Thatsache zeigt, dass der</pc:Unicode>
                </pc:TextEquiv>
            </pc:TextLine>
            <pc:TextLine id="region0011_line0002">
                <pc:Coords points="374,2621 2476,2621 2476,2694 374,2694"/>
                <pc:Word id="region0011_line0002_word0000">
                    <pc:Coords points="374,2623 513,2623 513,2675 374,2675"/>
                    <pc:TextEquiv conf="0.912444763183594">
                        <pc:Unicode>Grad</pc:Unicode>
                    </pc:TextEquiv>
                </pc:Word>
                <pc:Word id="region0011_line0002_word0001">
                    <pc:Coords points="562,2624 653,2624 653,2676 562,2676"/>
                    <pc:TextEquiv conf="0.912444763183594">
                        <pc:Unicode>der</pc:Unicode>
                    </pc:TextEquiv>
                </pc:Word>
                <pc:Word id="region0011_line0002_word0002">
                    <pc:Coords points="688,2625 1104,2625 1104,2692 688,2692"/>
                    <pc:TextEquiv conf="0.915713500976562">
                        <pc:Unicode>Relativgruppe</pc:Unicode>
                    </pc:TextEquiv>
                </pc:Word>
                <pc:Word id="region0011_line0002_word0003">
                    <pc:Coords points="1150,2639 1251,2639 1251,2674 1150,2674"/>
                    <pc:TextEquiv conf="0.922824401855469">
                        <pc:Unicode>von</pc:Unicode>
                    </pc:TextEquiv>
                </pc:Word>
                <pc:Word id="region0011_line0002_word0004">
                    <pc:Coords points="1287,2623 1320,2623 1320,2672 1287,2672"/>
                    <pc:TextEquiv conf="0.258157653808594">
                        <pc:Unicode>h</pc:Unicode>
                    </pc:TextEquiv>
                </pc:Word>
                <pc:Word id="region0011_line0002_word0005">
                    <pc:Coords points="1356,2624 1413,2624 1413,2674 1356,2674"/>
                    <pc:TextEquiv conf="0.904974517822266">
                        <pc:Unicode>in</pc:Unicode>
                    </pc:TextEquiv>
                </pc:Word>
                <pc:Word id="region0011_line0002_word0006">
                    <pc:Coords points="1456,2624 1633,2624 1633,2691 1456,2691"/>
                    <pc:TextEquiv conf="0.907382278442383">
                        <pc:Unicode>Bezug</pc:Unicode>
                    </pc:TextEquiv>
                </pc:Word>
                <pc:Word id="region0011_line0002_word0007">
                    <pc:Coords points="1678,2622 1769,2622 1769,2671 1678,2671"/>
                    <pc:TextEquiv conf="0.907382278442383">
                        <pc:Unicode>auf</pc:Unicode>
                    </pc:TextEquiv>
                </pc:Word>
                <pc:Word id="region0011_line0002_word0008">
                    <pc:Coords points="1799,2621 1851,2621 1851,2694 1799,2694"/>
                    <pc:TextEquiv conf="0.743983993530273">
                        <pc:Unicode>,</pc:Unicode>
                    </pc:TextEquiv>
                </pc:Word>
                <pc:Word id="region0011_line0002_word0009">
                    <pc:Coords points="1889,2622 2055,2622 2055,2688 1889,2688"/>
                    <pc:TextEquiv conf="0.921230926513672">
                        <pc:Unicode>gleich</pc:Unicode>
                    </pc:TextEquiv>
                </pc:Word>
                <pc:Word id="region0011_line0002_word0010">
                    <pc:Coords points="2081,2625 2126,2625 2126,2688 2081,2688"/>
                    <pc:TextEquiv conf="0.351476821899414">
                        <pc:Unicode>f</pc:Unicode>
                    </pc:TextEquiv>
                </pc:Word>
                <pc:Word id="region0011_line0002_word0011">
                    <pc:Coords points="2269,2624 2153,2624 2153,2694 2269,2694"/>
                    <pc:TextEquiv conf="0.926408233642578">
                        <pc:Unicode>sein</pc:Unicode>
                    </pc:TextEquiv>
                </pc:Word>
                <pc:Word id="region0011_line0002_word0012">
                    <pc:Coords points="2315,2639 2476,2639 2476,2687 2315,2687"/>
                    <pc:TextEquiv conf="0.913707733154297">
                        <pc:Unicode>muss,</pc:Unicode>
                    </pc:TextEquiv>
                </pc:Word>
                <pc:TextEquiv conf="0.807548605111929">
                    <pc:Unicode>Grad der Relativgruppe von h in Bezug auf , gleich f sein muss,</pc:Unicode>
                </pc:TextEquiv>
            </pc:TextLine>
            <pc:TextLine id="region0011_line0003">
                <pc:Coords points="373,2709 2476,2709 2476,2777 373,2777"/>
                <pc:Word id="region0011_line0003_word0000">
                    <pc:Coords points="373,2712 549,2712 549,2762 373,2762"/>
                    <pc:TextEquiv conf="0.927595062255859">
                        <pc:Unicode>womit</pc:Unicode>
                    </pc:TextEquiv>
                </pc:Word>
                <pc:Word id="region0011_line0003_word0001">
                    <pc:Coords points="605,2712 715,2712 715,2763 605,2763"/>
                    <pc:TextEquiv conf="0.923571853637695">
                        <pc:Unicode>sich</pc:Unicode>
                    </pc:TextEquiv>
                </pc:Word>
                <pc:Word id="region0011_line0003_word0002">
                    <pc:Coords points="769,2711 852,2711 852,2763 769,2763"/>
                    <pc:TextEquiv conf="0.908326110839844">
                        <pc:Unicode>für</pc:Unicode>
                    </pc:TextEquiv>
                </pc:Word>
                <pc:Word id="region0011_line0003_word0003">
                    <pc:Coords points="907,2711 1009,2711 1009,2762 907,2762"/>
                    <pc:TextEquiv conf="0.927664031982422">
                        <pc:Unicode>den</pc:Unicode>
                    </pc:TextEquiv>
                </pc:Word>
                <pc:Word id="region0011_line0003_word0004">
                    <pc:Coords points="1062,2711 1418,2711 1418,2777 1062,2777"/>
                    <pc:TextEquiv conf="0.903905258178711">
                        <pc:Unicode>gegenwärtig</pc:Unicode>
                    </pc:TextEquiv>
                </pc:Word>
                <pc:Word id="region0011_line0003_word0005">
                    <pc:Coords points="1461,2709 1818,2709 1818,2761 1461,2761"/>
                    <pc:TextEquiv conf="0.91587158203125">
                        <pc:Unicode>betrachteten</pc:Unicode>
                    </pc:TextEquiv>
                </pc:Word>
                <pc:Word id="region0011_line0003_word0006">
                    <pc:Coords points="1861,2768 2187,2768 2187,2709 1861,2709"/>
                    <pc:TextEquiv conf="0.772703247070312">
                        <pc:Unicode>besonderen</pc:Unicode>
                    </pc:TextEquiv>
                </pc:Word>
                <pc:Word id="region0011_line0003_word0007">
                    <pc:Coords points="2233,2709 2347,2709 2347,2761 2233,2761"/>
                    <pc:TextEquiv conf="0.855121002197266">
                        <pc:Unicode>Fall</pc:Unicode>
                    </pc:TextEquiv>
                </pc:Word>
                <pc:Word id="region0011_line0003_word0008">
                    <pc:Coords points="2395,2709 2476,2709 2476,2761 2395,2761"/>
                    <pc:TextEquiv conf="0.908968200683594">
                        <pc:Unicode>die</pc:Unicode>
                    </pc:TextEquiv>
                </pc:Word>
                <pc:TextEquiv conf="0.893747372097439">
                    <pc:Unicode>womit sich für den gegenwärtig betrachteten besonderen Fall die</pc:Unicode>
                </pc:TextEquiv>
            </pc:TextLine>
            <pc:TextLine id="region0011_line0004">
                <pc:Coords points="372,2797 1297,2797 1297,2868 372,2868"/>
                <pc:Word id="region0011_line0004_word0000">
                    <pc:Coords points="372,2800 616,2800 616,2868 372,2868"/>
                    <pc:TextEquiv conf="0.917298736572266">
                        <pc:Unicode>Aussage</pc:Unicode>
                    </pc:TextEquiv>
                </pc:Word>
                <pc:Word id="region0011_line0004_word0001">
                    <pc:Coords points="656,2801 745,2801 745,2851 656,2851"/>
                    <pc:TextEquiv conf="0.912256546020508">
                        <pc:Unicode>des</pc:Unicode>
                    </pc:TextEquiv>
                </pc:Word>
                <pc:Word id="region0011_line0004_word0002">
                    <pc:Coords points="785,2799 961,2799 961,2851 785,2851"/>
                    <pc:TextEquiv conf="0.920451354980469">
                        <pc:Unicode>Satzes</pc:Unicode>
                    </pc:TextEquiv>
                </pc:Word>
                <pc:Word id="region0011_line0004_word0003">
                    <pc:Coords points="992,2797 1088,2797 1088,2850 992,2850"/>
                    <pc:TextEquiv conf="0.928427047729492">
                        <pc:Unicode>125</pc:Unicode>
                    </pc:TextEquiv>
                </pc:Word>
                <pc:Word id="region0011_line0004_word0004">
                    <pc:Coords points="1126,2797 1297,2797 1297,2851 1126,2851"/>
                    <pc:TextEquiv conf="0.907015228271484">
                        <pc:Unicode>deckt.</pc:Unicode>
                    </pc:TextEquiv>
                </pc:Word>
                <pc:TextEquiv conf="0.917089782714844">
                    <pc:Unicode>Aussage des Satzes 125 deckt.</pc:Unicode>
                </pc:TextEquiv>
            </pc:TextLine>
            <pc:TextLine id="region0011_line0005">
                <pc:Coords points="370,2881 2478,2881 2478,2951 370,2951"/>
                <pc:Word id="region0011_line0005_word0000">
                    <pc:Coords points="370,2887 425,2887 425,2937 370,2937"/>
                    <pc:TextEquiv conf="0.893190460205078">
                        <pc:Unicode>Z.</pc:Unicode>
                    </pc:TextEquiv>
                </pc:Word>
                <pc:Word id="region0011_line0005_word0001">
                    <pc:Coords points="453,2888 482,2888 482,2939 453,2939"/>
                    <pc:TextEquiv conf="0.893190460205078">
                        <pc:Unicode>6</pc:Unicode>
                    </pc:TextEquiv>
                </pc:Word>
                <pc:Word id="region0011_line0005_word0002">
                    <pc:Coords points="520,2904 568,2904 568,2938 520,2938"/>
                    <pc:TextEquiv conf="0.917141571044922">
                        <pc:Unicode>v.</pc:Unicode>
                    </pc:TextEquiv>
                </pc:Word>
                <pc:Word id="region0011_line0005_word0003">
                    <pc:Coords points="594,2904 645,2904 645,2938 594,2938"/>
                    <pc:TextEquiv conf="0.923943786621094">
                        <pc:Unicode>u.</pc:Unicode>
                    </pc:TextEquiv>
                </pc:Word>
                <pc:Word id="region0011_line0005_word0004">
                    <pc:Coords points="682,2904 734,2904 734,2939 682,2939"/>
                    <pc:TextEquiv conf="0.703407592773437">
                        <pc:Unicode>u.</pc:Unicode>
                    </pc:TextEquiv>
                </pc:Word>
                <pc:Word id="region0011_line0005_word0005">
                    <pc:Coords points="762,2903 802,2903 802,2939 762,2939"/>
                    <pc:TextEquiv conf="0.398576164245605">
                        <pc:Unicode>s.</pc:Unicode>
                    </pc:TextEquiv>
                </pc:Word>
                <pc:Word id="region0011_line0005_word0006">
                    <pc:Coords points="927,2881 852,2881 852,2951 927,2951"/>
                    <pc:TextEquiv conf="0.911830444335938">
                        <pc:Unicode>f.</pc:Unicode>
                    </pc:TextEquiv>
                </pc:Word>
                <pc:Word id="region0011_line0005_word0007">
                    <pc:Coords points="947,2886 1123,2886 1123,2938 947,2938"/>
                    <pc:TextEquiv conf="0.926513671875">
                        <pc:Unicode>Wenn</pc:Unicode>
                    </pc:TextEquiv>
                </pc:Word>
                <pc:Word id="region0011_line0005_word0008">
                    <pc:Coords points="1167,2887 1224,2887 1224,2937 1167,2937"/>
                    <pc:TextEquiv conf="0.921834182739258">
                        <pc:Unicode>in</pc:Unicode>
                    </pc:TextEquiv>
                </pc:Word>
                <pc:Word id="region0011_line0005_word0009">
                    <pc:Coords points="1277,2885 1445,2885 1445,2937 1277,2937"/>
                    <pc:TextEquiv conf="0.91495002746582">
                        <pc:Unicode>einem</pc:Unicode>
                    </pc:TextEquiv>
                </pc:Word>
                <pc:Word id="region0011_line0005_word0010">
                    <pc:Coords points="1500,2884 1798,2884 1798,2951 1500,2951"/>
                    <pc:TextEquiv conf="0.921428909301758">
                        <pc:Unicode>beliebigen</pc:Unicode>
                    </pc:TextEquiv>
                </pc:Word>
                <pc:Word id="region0011_line0005_word0011">
                    <pc:Coords points="1841,2881 2044,2881 2044,2949 1841,2949"/>
                    <pc:TextEquiv conf="0.917660064697266">
                        <pc:Unicode>Körper</pc:Unicode>
                    </pc:TextEquiv>
                </pc:Word>
                <pc:Word id="region0011_line0005_word0012">
                    <pc:Coords points="2079,2883 2112,2883 2112,2931 2079,2931"/>
                    <pc:TextEquiv conf="0.736629867553711">
                        <pc:Unicode>E</pc:Unicode>
                    </pc:TextEquiv>
                </pc:Word>
                <pc:Word id="region0011_line0005_word0013">
                    <pc:Coords points="2148,2883 2235,2883 2235,2934 2148,2934"/>
                    <pc:TextEquiv conf="0.891046295166016">
                        <pc:Unicode>ein</pc:Unicode>
                    </pc:TextEquiv>
                </pc:Word>
                <pc:Word id="region0011_line0005_word0014">
                    <pc:Coords points="2279,2882 2424,2882 2424,2935 2279,2935"/>
                    <pc:TextEquiv conf="0.922023468017578">
                        <pc:Unicode>Ideal</pc:Unicode>
                    </pc:TextEquiv>
                </pc:Word>
                <pc:Word id="region0011_line0005_word0015">
                    <pc:Coords points="2459,2883 2478,2883 2478,2950 2459,2950"/>
                    <pc:TextEquiv conf="0.927677917480469">
                        <pc:Unicode>j</pc:Unicode>
                    </pc:TextEquiv>
                </pc:Word>
                <pc:TextEquiv conf="0.857565305233002">
                    <pc:Unicode>Z. 6 v. u. u. s. f. Wenn in einem beliebigen Körper E ein Ideal j</pc:Unicode>
                </pc:TextEquiv>
            </pc:TextLine>
            <pc:TextLine id="region0011_line0006">
                <pc:Coords points="373,2970 2476,2970 2476,3041 373,3041"/>
                <pc:Word id="region0011_line0006_word0000">
                    <pc:Coords points="373,2976 485,2976 485,3026 373,3026"/>
                    <pc:TextEquiv conf="0.912785720825195">
                        <pc:Unicode>und</pc:Unicode>
                    </pc:TextEquiv>
                </pc:Word>
                <pc:Word id="region0011_line0006_word0001">
                    <pc:Coords points="531,2975 656,2975 656,3026 531,3026"/>
                    <pc:TextEquiv conf="0.913737030029297">
                        <pc:Unicode>zwei</pc:Unicode>
                    </pc:TextEquiv>
                </pc:Word>
                <pc:Word id="region0011_line0006_word0002">
                    <pc:Coords points="701,2975 1026,2975 1026,3041 701,3041"/>
                    <pc:TextEquiv conf="0.917604446411133">
                        <pc:Unicode>gebrochene</pc:Unicode>
                    </pc:TextEquiv>
                </pc:Word>
                <pc:Word id="region0011_line0006_word0003">
                    <pc:Coords points="1072,2973 1270,2973 1270,3024 1072,3024"/>
                    <pc:TextEquiv conf="0.925182037353516">
                        <pc:Unicode>Zahlen</pc:Unicode>
                    </pc:TextEquiv>
                </pc:Word>
                <pc:Word id="region0011_line0006_word0004">
                    <pc:Coords points="1319,2991 1368,2991 1368,3036 1319,3036"/>
                    <pc:TextEquiv conf="0.920789489746094">
                        <pc:Unicode>a,</pc:Unicode>
                    </pc:TextEquiv>
                </pc:Word>
                <pc:Word id="region0011_line0006_word0005">
                    <pc:Coords points="1403,2977 1438,2977 1438,3036 1403,3036"/>
                    <pc:TextEquiv conf="0.624841651916504">
                        <pc:Unicode>6</pc:Unicode>
                    </pc:TextEquiv>
                </pc:Word>
                <pc:Word id="region0011_line0006_word0006">
                    <pc:Coords points="1483,2971 1749,2971 1749,3039 1483,3039"/>
                    <pc:TextEquiv conf="0.906104125976563">
                        <pc:Unicode>vorgelegt</pc:Unicode>
                    </pc:TextEquiv>
                </pc:Word>
                <pc:Word id="region0011_line0006_word0007">
                    <pc:Coords points="1794,2970 1936,2970 1936,3032 1794,3032"/>
                    <pc:TextEquiv conf="0.894001846313477">
                        <pc:Unicode>sind,</pc:Unicode>
                    </pc:TextEquiv>
                </pc:Word>
                <pc:Word id="region0011_line0006_word0008">
                    <pc:Coords points="1987,2984 2043,2984 2043,3020 1987,3020"/>
                    <pc:TextEquiv conf="0.929056854248047">
                        <pc:Unicode>so</pc:Unicode>
                    </pc:TextEquiv>
                </pc:Word>
                <pc:Word id="region0011_line0006_word0009">
                    <pc:Coords points="2082,2970 2180,2970 2180,3021 2082,3021"/>
                    <pc:TextEquiv conf="0.917781448364258">
                        <pc:Unicode>soll</pc:Unicode>
                    </pc:TextEquiv>
                </pc:Word>
                <pc:Word id="region0011_line0006_word0010">
                    <pc:Coords points="2220,2970 2304,2970 2304,3021 2220,3021"/>
                    <pc:TextEquiv conf="0.926678924560547">
                        <pc:Unicode>die</pc:Unicode>
                    </pc:TextEquiv>
                </pc:Word>
                <pc:Word id="region0011_line0006_word0011">
                    <pc:Coords points="2343,2970 2476,2970 2476,3023 2343,3023"/>
                    <pc:TextEquiv conf="0.87658073425293">
                        <pc:Unicode>Con-</pc:Unicode>
                    </pc:TextEquiv>
                </pc:Word>
                <pc:TextEquiv conf="0.88876202583313">
                    <pc:Unicode>und zwei gebrochene Zahlen a, 6 vorgelegt sind, so soll die Con-</pc:Unicode>
                </pc:TextEquiv>
            </pc:TextLine>
            <pc:TextLine id="region0011_line0007">
                <pc:Coords points="376,3055 2479,3055 2479,3131 376,3131"/>
                <pc:Word id="region0011_line0007_word0000">
                    <pc:Coords points="376,3078 571,3078 571,3131 376,3131"/>
                    <pc:TextEquiv conf="0.897006683349609">
                        <pc:Unicode>gruenz</pc:Unicode>
                    </pc:TextEquiv>
                </pc:Word>
                <pc:Word id="region0011_line0007_word0001">
                    <pc:Coords points="659,3055 631,3055 631,3131 659,3131"/>
                    <pc:TextEquiv conf="0.204303894042969">
                        <pc:Unicode>«&amp;</pc:Unicode>
                    </pc:TextEquiv>
                </pc:Word>
                <pc:Word id="region0011_line0007_word0002">
                    <pc:Coords points="694,3073 729,3073 729,3117 694,3117"/>
                    <pc:TextEquiv conf="0.239842529296875">
                        <pc:Unicode>=</pc:Unicode>
                    </pc:TextEquiv>
                </pc:Word>
                <pc:Word id="region0011_line0007_word0003">
                    <pc:Coords points="757,3067 778,3067 778,3126 757,3126"/>
                    <pc:TextEquiv conf="0.239842529296875">
                        <pc:Unicode>6</pc:Unicode>
                    </pc:TextEquiv>
                </pc:Word>
                <pc:Word id="region0011_line0007_word0004">
                    <pc:Coords points="834,3062 966,3062 966,3114 834,3114"/>
                    <pc:TextEquiv conf="0.834741439819336">
                        <pc:Unicode>nach</pc:Unicode>
                    </pc:TextEquiv>
                </pc:Word>
                <pc:Word id="region0011_line0007_word0005">
                    <pc:Coords points="1002,3060 1022,3060 1022,3128 1002,3128"/>
                    <pc:TextEquiv conf="0.924449615478516">
                        <pc:Unicode>j</pc:Unicode>
                    </pc:TextEquiv>
                </pc:Word>
                <pc:Word id="region0011_line0007_word0006">
                    <pc:Coords points="1059,3061 1312,3061 1312,3128 1059,3128"/>
                    <pc:TextEquiv conf="0.912890396118164">
                        <pc:Unicode>besagen,</pc:Unicode>
                    </pc:TextEquiv>
                </pc:Word>
                <pc:Word id="region0011_line0007_word0007">
                    <pc:Coords points="1369,3058 1492,3058 1492,3111 1369,3111"/>
                    <pc:TextEquiv conf="0.917425079345703">
                        <pc:Unicode>dass</pc:Unicode>
                    </pc:TextEquiv>
                </pc:Word>
                <pc:Word id="region0011_line0007_word0008">
                    <pc:Coords points="1539,3074 1594,3074 1594,3109 1539,3109"/>
                    <pc:TextEquiv conf="0.915551528930664">
                        <pc:Unicode>es</pc:Unicode>
                    </pc:TextEquiv>
                </pc:Word>
                <pc:Word id="region0011_line0007_word0009">
                    <pc:Coords points="1640,3059 1695,3059 1695,3108 1640,3108"/>
                    <pc:TextEquiv conf="0.757122192382813">
                        <pc:Unicode>in</pc:Unicode>
                    </pc:TextEquiv>
                </pc:Word>
                <pc:Word id="region0011_line0007_word0010">
                    <pc:Coords points="1808,3057 1924,3057 1924,3108 1808,3108"/>
                    <pc:TextEquiv conf="0.925580978393555">
                        <pc:Unicode>eine</pc:Unicode>
                    </pc:TextEquiv>
                </pc:Word>
                <pc:Word id="region0011_line0007_word0011">
                    <pc:Coords points="1970,3073 2033,3073 2033,3107 1970,3107"/>
                    <pc:TextEquiv conf="0.910753479003906">
                        <pc:Unicode>zu</pc:Unicode>
                    </pc:TextEquiv>
                </pc:Word>
                <pc:Word id="region0011_line0007_word0012">
                    <pc:Coords points="2077,3055 2096,3055 2096,3123 2077,3123"/>
                    <pc:TextEquiv conf="0.910753479003906">
                        <pc:Unicode>j</pc:Unicode>
                    </pc:TextEquiv>
                </pc:Word>
                <pc:Word id="region0011_line0007_word0013">
                    <pc:Coords points="2141,3057 2305,3057 2305,3124 2141,3124"/>
                    <pc:TextEquiv conf="0.900058517456055">
                        <pc:Unicode>prime</pc:Unicode>
                    </pc:TextEquiv>
                </pc:Word>
                <pc:Word id="region0011_line0007_word0014">
                    <pc:Coords points="2352,3057 2479,3057 2479,3108 2352,3108"/>
                    <pc:TextEquiv conf="0.821970520019531">
                        <pc:Unicode>Zahl</pc:Unicode>
                    </pc:TextEquiv>
                </pc:Word>
                <pc:TextEquiv conf="0.754152857462565">
                    <pc:Unicode>gruenz «&amp; = 6 nach j besagen, dass es in eine zu j prime Zahl</pc:Unicode>
                </pc:TextEquiv>
            </pc:TextLine>
            <pc:TextLine id="region0011_line0008">
                <pc:Coords points="374,3143 2478,3143 2478,3219 374,3219"/>
                <pc:Word id="region0011_line0008_word0000">
                    <pc:Coords points="374,3170 419,3170 419,3219 374,3219"/>
                    <pc:TextEquiv conf="0.094937210083008">
                        <pc:Unicode>ué</pc:Unicode>
                    </pc:TextEquiv>
                </pc:Word>
                <pc:Word id="region0011_line0008_word0001">
                    <pc:Coords points="457,3151 621,3151 621,3218 457,3218"/>
                    <pc:TextEquiv conf="0.749062042236328">
                        <pc:Unicode>giebt,</pc:Unicode>
                    </pc:TextEquiv>
                </pc:Word>
                <pc:Word id="region0011_line0008_word0002">
                    <pc:Coords points="655,3150 739,3150 739,3202 655,3202"/>
                    <pc:TextEquiv conf="0.919379119873047">
                        <pc:Unicode>für</pc:Unicode>
                    </pc:TextEquiv>
                </pc:Word>
                <pc:Word id="region0011_line0008_word0003">
                    <pc:Coords points="780,3149 972,3149 972,3201 780,3201"/>
                    <pc:TextEquiv conf="0.909392852783203">
                        <pc:Unicode>welche</pc:Unicode>
                    </pc:TextEquiv>
                </pc:Word>
                <pc:Word id="region0011_line0008_word0004">
                    <pc:Coords points="1015,3167 1121,3167 1121,3216 1015,3216"/>
                    <pc:TextEquiv conf="0.164821014404297">
                        <pc:Unicode>αs</pc:Unicode>
                    </pc:TextEquiv>
                </pc:Word>
                <pc:Word id="region0011_line0008_word0005">
                    <pc:Coords points="1144,3153 1230,3153 1230,3216 1144,3216"/>
                    <pc:TextEquiv conf="0.">
                        <pc:Unicode>ααé</pc:Unicode>
                    </pc:TextEquiv>
                </pc:Word>
                <pc:Word id="region0011_line0008_word0006">
                    <pc:Coords points="1273,3162 1435,3162 1435,3214 1273,3214"/>
                    <pc:TextEquiv conf="0.883549270629883">
                        <pc:Unicode>ganze</pc:Unicode>
                    </pc:TextEquiv>
                </pc:Word>
                <pc:Word id="region0011_line0008_word0007">
                    <pc:Coords points="1469,3146 1667,3146 1667,3198 1469,3198"/>
                    <pc:TextEquiv conf="0.923474884033203">
                        <pc:Unicode>Zahlen</pc:Unicode>
                    </pc:TextEquiv>
                </pc:Word>
                <pc:Word id="region0011_line0008_word0008">
                    <pc:Coords points="1698,3146 1754,3146 1754,3196 1698,3196"/>
                    <pc:TextEquiv conf="0.919823379516602">
                        <pc:Unicode>in</pc:Unicode>
                    </pc:TextEquiv>
                </pc:Word>
                <pc:Word id="region0011_line0008_word0009">
                    <pc:Coords points="1798,3145 1811,3145 1811,3194 1798,3194"/>
                    <pc:TextEquiv conf="0.">
                        <pc:Unicode>k</pc:Unicode>
                    </pc:TextEquiv>
                </pc:Word>
                <pc:Word id="region0011_line0008_word0010">
                    <pc:Coords points="1848,3144 2053,3144 2053,3196 1848,3196"/>
                    <pc:TextEquiv conf="0.919956588745117">
                        <pc:Unicode>werden</pc:Unicode>
                    </pc:TextEquiv>
                </pc:Word>
                <pc:Word id="region0011_line0008_word0011">
                    <pc:Coords points="2090,3143 2196,3143 2196,3196 2090,3196"/>
                    <pc:TextEquiv conf="0.917139892578125">
                        <pc:Unicode>und</pc:Unicode>
                    </pc:TextEquiv>
                </pc:Word>
                <pc:Word id="region0011_line0008_word0012">
                    <pc:Coords points="2234,3144 2478,3144 2478,3197 2234,3197"/>
                    <pc:TextEquiv conf="0.927370300292969">
                        <pc:Unicode>überdies</pc:Unicode>
                    </pc:TextEquiv>
                </pc:Word>
                <pc:TextEquiv conf="0.79453127347506">
                    <pc:Unicode>ué giebt, für welche αs ααé ganze Zahlen in k werden und überdies</pc:Unicode>
                </pc:TextEquiv>
            </pc:TextLine>
            <pc:TextLine id="region0011_line0009">
                <pc:Coords points="377,3233 1494,3233 1494,3306 377,3306"/>
                <pc:Word id="region0011_line0009_word0000">
                    <pc:Coords points="377,3238 462,3238 462,3290 377,3290"/>
                    <pc:TextEquiv conf="0.919797210693359">
                        <pc:Unicode>die</pc:Unicode>
                    </pc:TextEquiv>
                </pc:Word>
                <pc:Word id="region0011_line0009_word0001">
                    <pc:Coords points="501,3237 810,3237 810,3306 501,3306"/>
                    <pc:TextEquiv conf="0.886295394897461">
                        <pc:Unicode>Congruenz</pc:Unicode>
                    </pc:TextEquiv>
                </pc:Word>
                <pc:Word id="region0011_line0009_word0002">
                    <pc:Coords points="845,3240 1120,3240 1120,3304 845,3304"/>
                    <pc:TextEquiv conf="0.">
                        <pc:Unicode>αι£=</pc:Unicode>
                    </pc:TextEquiv>
                </pc:Word>
                <pc:Word id="region0011_line0009_word0003">
                    <pc:Coords points="1116,3233 1048,3233 1048,3306 1116,3306"/>
                    <pc:TextEquiv conf="0.">
                        <pc:Unicode>uSß</pc:Unicode>
                    </pc:TextEquiv>
                </pc:Word>
                <pc:Word id="region0011_line0009_word0004">
                    <pc:Coords points="1157,3235 1290,3235 1290,3287 1157,3287"/>
                    <pc:TextEquiv conf="0.883061447143555">
                        <pc:Unicode>nach</pc:Unicode>
                    </pc:TextEquiv>
                </pc:Word>
                <pc:Word id="region0011_line0009_word0005">
                    <pc:Coords points="1332,3233 1297,3233 1297,3306 1332,3306"/>
                    <pc:TextEquiv conf="0.91026496887207">
                        <pc:Unicode>j</pc:Unicode>
                    </pc:TextEquiv>
                </pc:Word>
                <pc:Word id="region0011_line0009_word0006">
                    <pc:Coords points="1381,3233 1494,3233 1494,3302 1381,3302"/>
                    <pc:TextEquiv conf="0.917249984741211">
                        <pc:Unicode>gilt.</pc:Unicode>
                    </pc:TextEquiv>
                </pc:Word>
                <pc:TextEquiv conf="0.930952715192522">
                    <pc:Unicode>die Congruenz αι£= uSß nach j gilt.</pc:Unicode>
                </pc:TextEquiv>
            </pc:TextLine>
            <pc:TextLine id="region0011_line0010">
                <pc:Coords points="376,3319 1503,3319 1503,3388 376,3388"/>
                <pc:Word id="region0011_line0010_word0000">
                    <pc:Coords points="376,3327 518,3327 518,3379 376,3379"/>
                    <pc:TextEquiv conf="0.920075607299805">
                        <pc:Unicode>Zeile</pc:Unicode>
                    </pc:TextEquiv>
                </pc:Word>
                <pc:Word id="region0011_line0010_word0001">
                    <pc:Coords points="573,3325 588,3325 588,3377 573,3377"/>
                    <pc:TextEquiv conf="0.847492218017578">
                        <pc:Unicode>3</pc:Unicode>
                    </pc:TextEquiv>
                </pc:Word>
                <pc:Word id="region0011_line0010_word0002">
                    <pc:Coords points="632,3355 663,3355 663,3363 632,3363"/>
                    <pc:TextEquiv conf="0.21653434753418">
                        <pc:Unicode>—</pc:Unicode>
                    </pc:TextEquiv>
                </pc:Word>
                <pc:Word id="region0011_line0010_word0003">
                    <pc:Coords points="756,3319 690,3319 690,3388 756,3388"/>
                    <pc:TextEquiv conf="0.21653434753418">
                        <pc:Unicode>6.</pc:Unicode>
                    </pc:TextEquiv>
                </pc:Word>
                <pc:Word id="region0011_line0010_word0004">
                    <pc:Coords points="801,3324 941,3324 941,3377 801,3377"/>
                    <pc:TextEquiv conf="0.910395965576172">
                        <pc:Unicode>Statt</pc:Unicode>
                    </pc:TextEquiv>
                </pc:Word>
                <pc:Word id="region0011_line0010_word0005">
                    <pc:Coords points="974,3329 1007,3329 1007,3388 974,3388"/>
                    <pc:TextEquiv conf="0.872711639404297">
                        <pc:Unicode>6</pc:Unicode>
                    </pc:TextEquiv>
                </pc:Word>
                <pc:Word id="region0011_line0010_word0006">
                    <pc:Coords points="1045,3326 1186,3326 1186,3375 1045,3375"/>
                    <pc:TextEquiv conf="0.916319274902344">
                        <pc:Unicode>setze</pc:Unicode>
                    </pc:TextEquiv>
                </pc:Word>
                <pc:Word id="region0011_line0010_word0007">
                    <pc:Coords points="1223,3321 1422,3321 1422,3373 1223,3373"/>
                    <pc:TextEquiv conf="0.914407196044922">
                        <pc:Unicode>überall</pc:Unicode>
                    </pc:TextEquiv>
                </pc:Word>
                <pc:Word id="region0011_line0010_word0008">
                    <pc:Coords points="1458,3319 1503,3319 1503,3374 1458,3374"/>
                    <pc:TextEquiv conf="0.914407196044922">
                        <pc:Unicode>b.</pc:Unicode>
                    </pc:TextEquiv>
                </pc:Word>
                <pc:TextEquiv conf="0.747653088039822">
                    <pc:Unicode>Zeile 3 — 6. Statt 6 setze überall b.</pc:Unicode>
                </pc:TextEquiv>
            </pc:TextLine>
            <pc:TextLine id="region0011_line0011">
                <pc:Coords points="376,3405 2478,3405 2478,3477 376,3477"/>
                <pc:Word id="region0011_line0011_word0000">
                    <pc:Coords points="376,3415 520,3415 520,3466 376,3466"/>
                    <pc:TextEquiv conf="0.93037239074707">
                        <pc:Unicode>Zeile</pc:Unicode>
                    </pc:TextEquiv>
                </pc:Word>
                <pc:Word id="region0011_line0011_word0001">
                    <pc:Coords points="559,3414 608,3414 608,3465 559,3465"/>
                    <pc:TextEquiv conf="0.929697418212891">
                        <pc:Unicode>3.</pc:Unicode>
                    </pc:TextEquiv>
                </pc:Word>
                <pc:Word id="region0011_line0011_word0002">
                    <pc:Coords points="681,3413 815,3413 815,3464 681,3464"/>
                    <pc:TextEquiv conf="0.923032531738281">
                        <pc:Unicode>Statt</pc:Unicode>
                    </pc:TextEquiv>
                </pc:Word>
                <pc:Word id="region0011_line0011_word0003">
                    <pc:Coords points="875,3412 1019,3412 1019,3474 875,3474"/>
                    <pc:TextEquiv conf="0.884668884277344">
                        <pc:Unicode>„eine</pc:Unicode>
                    </pc:TextEquiv>
                </pc:Word>
                <pc:Word id="region0011_line0011_word0004">
                    <pc:Coords points="1076,3425 1238,3425 1238,3477 1076,3477"/>
                    <pc:TextEquiv conf="0.923853454589844">
                        <pc:Unicode>ganze</pc:Unicode>
                    </pc:TextEquiv>
                </pc:Word>
                <pc:Word id="region0011_line0011_word0005">
                    <pc:Coords points="1285,3408 1413,3408 1413,3460 1285,3460"/>
                    <pc:TextEquiv conf="0.923218383789063">
                        <pc:Unicode>Zahl</pc:Unicode>
                    </pc:TextEquiv>
                </pc:Word>
                <pc:Word id="region0011_line0011_word0006">
                    <pc:Coords points="1469,3408 1594,3408 1594,3461 1469,3461"/>
                    <pc:TextEquiv conf="0.926489944458008">
                        <pc:Unicode>oder</pc:Unicode>
                    </pc:TextEquiv>
                </pc:Word>
                <pc:Word id="region0011_line0011_word0007">
                    <pc:Coords points="1648,3408 1734,3408 1734,3459 1648,3459"/>
                    <pc:TextEquiv conf="0.927282867431641">
                        <pc:Unicode>ein</pc:Unicode>
                    </pc:TextEquiv>
                </pc:Word>
                <pc:Word id="region0011_line0011_word0008">
                    <pc:Coords points="1783,3406 2066,3406 2066,3474 1783,3474"/>
                    <pc:TextEquiv conf="0.913201904296875">
                        <pc:Unicode>beliebiges</pc:Unicode>
                    </pc:TextEquiv>
                </pc:Word>
                <pc:Word id="region0011_line0011_word0009">
                    <pc:Coords points="2115,3405 2288,3405 2288,3464 2115,3464"/>
                    <pc:TextEquiv conf="0.667703704833984">
                        <pc:Unicode>Ideal“</pc:Unicode>
                    </pc:TextEquiv>
                </pc:Word>
                <pc:Word id="region0011_line0011_word0010">
                    <pc:Coords points="2339,3409 2478,3409 2478,3457 2339,3457"/>
                    <pc:TextEquiv conf="0.919858856201172">
                        <pc:Unicode>setze</pc:Unicode>
                    </pc:TextEquiv>
                </pc:Word>
                <pc:TextEquiv conf="0.897216394597834">
                    <pc:Unicode>Zeile 3. Statt „eine ganze Zahl oder ein beliebiges Ideal“ setze</pc:Unicode>
                </pc:TextEquiv>
            </pc:TextLine>
            <pc:TextLine id="region0011_line0012">
                <pc:Coords points="383,3495 1441,3495 1441,3567 383,3567"/>
                <pc:Word id="region0011_line0012_word0000">
                    <pc:Coords points="383,3502 500,3502 500,3564 383,3564"/>
                    <pc:TextEquiv conf="0.871011962890625">
                        <pc:Unicode>„ein</pc:Unicode>
                    </pc:TextEquiv>
                </pc:Word>
                <pc:Word id="region0011_line0012_word0001">
                    <pc:Coords points="537,3500 825,3500 825,3567 537,3567"/>
                    <pc:TextEquiv conf="0.90621826171875">
                        <pc:Unicode>beliebiges</pc:Unicode>
                    </pc:TextEquiv>
                </pc:Word>
                <pc:Word id="region0011_line0012_word0002">
                    <pc:Coords points="864,3515 927,3515 927,3550 864,3550"/>
                    <pc:TextEquiv conf="0.903741683959961">
                        <pc:Unicode>zu</pc:Unicode>
                    </pc:TextEquiv>
                </pc:Word>
                <pc:Word id="region0011_line0012_word0003">
                    <pc:Coords points="962,3496 981,3496 981,3551 962,3551"/>
                    <pc:TextEquiv conf="0.749982376098633">
                        <pc:Unicode>l</pc:Unicode>
                    </pc:TextEquiv>
                </pc:Word>
                <pc:Word id="region0011_line0012_word0004">
                    <pc:Coords points="1017,3498 1210,3498 1210,3564 1017,3564"/>
                    <pc:TextEquiv conf="0.749982376098633">
                        <pc:Unicode>primes</pc:Unicode>
                    </pc:TextEquiv>
                </pc:Word>
                <pc:Word id="region0011_line0012_word0005">
                    <pc:Coords points="1247,3495 1441,3495 1441,3548 1247,3548"/>
                    <pc:TextEquiv conf="0.893728332519531">
                        <pc:Unicode>Ideal“.</pc:Unicode>
                    </pc:TextEquiv>
                </pc:Word>
                <pc:TextEquiv conf="0.845777498881022">
                    <pc:Unicode>„ein beliebiges zu l primes Ideal“.</pc:Unicode>
                </pc:TextEquiv>
            </pc:TextLine>
            <pc:TextEquiv conf="0.855111212091616">
                <pc:Unicode>Relativgruppe von &amp; in Bezug auf 4, hat mindestens den Grad f.
Dies zusammen mit der oben bewiesenen Thatsache zeigt, dass der
Grad der Relativgruppe von h in Bezug auf , gleich f sein muss,
womit sich für den gegenwärtig betrachteten besonderen Fall die
Aussage des Satzes 125 deckt.
Z. 6 v. u. u. s. f. Wenn in einem beliebigen Körper E ein Ideal j
und zwei gebrochene Zahlen a, 6 vorgelegt sind, so soll die Con-
gruenz «&amp; = 6 nach j besagen, dass es in eine zu j prime Zahl
ué giebt, für welche αs ααé ganze Zahlen in k werden und überdies
die Congruenz αι£= uSß nach j gilt.
Zeile 3 — 6. Statt 6 setze überall b.
Zeile 3. Statt „eine ganze Zahl oder ein beliebiges Ideal“ setze
„ein beliebiges zu l primes Ideal“.</pc:Unicode>
            </pc:TextEquiv>
        </pc:TextRegion>
    </pc:Page>
</pc:PcGts>
