1537 2390
184 437 253 481 *
399 651 615 716 ſa..
397 698 614 756 l
630 654 736 695 r
752 663 997 710 o m
630 688 734 747 Ab
754 701 1017 758 Mlb⸗
613 785 782 842 Von
184 870 1231 964 der Nothwendigkeit und dem Nutzen
208 949 1137 1034 der Manufacturen und Fabriken.
459 1126 1325 1215 lle Dinge, die durch den Fleiß und die ee'
465 1187 1325 1269 Geſchicklichkeit der Menſchen mehr anen
1231 1210 1309 1240 taren
480 1251 1325 1323 bearbeitet werden, nachdem ſie vontart⸗
440 1293 1325 1383 der guͤtigen Hand der Natur hervor⸗e i⸗
184 1372 1229 1445 gebracht ſind, und zwar in der Abſicht, der wahren oder
184 1435 1230 1506 eingebildeten menſchlichen Nothdurft deſto beſſer zu
184 1494 1229 1561 ſtatten zu kommen, ſind in weitlaͤuftigem Verſtande
184 1552 1226 1619 Manufactur und Fabrikenarbeiten. Kurz alle Werke
184 1614 1229 1680 der Kunſt ſind in allgemeinem Verſtande darunter be⸗
184 1675 1227 1743 griffen; und zwar hat das Wort Kunſt hier einen
184 1735 1227 1809 ſo weitſchichtigen Begriff, daß man die Bemuͤhung
184 1797 1230 1866 des aͤrmſten unter den Landleuten, der Reiſer zuſam⸗
184 1858 1228 1928 men bindet, um einen Beſen daraus zu machen mit
184 1914 1228 1991 dieſer Benennung beehren muß. Jn dieſem Verſtande
184 1976 1227 2048 gehoͤren demnach alle Handwerke, ja alle Handarbei⸗
184 2043 1228 2114 ten, wodurch die von der Natur hervorgebrachten
607 2105 1226 2172 A 2 Dinge
