1533 2397
236 178 1235 249 der Manufacturen und Fabriken. 105
192 275 1238 347 dene Fabriken haben dieſe Regel mit guten Nutzen be⸗
192 336 1237 409 folget; und man hat eben dieſes bey einer Cammertuch⸗
192 398 1238 471 fabrike in Schleswig beobachtet, die uͤberhaupt mit
192 460 1237 535 großer Klugheit eingerichtet iſt und die ſehr viel ver⸗
192 529 399 595 ſpricht.
199 704 1390 774 Nachdem wir die Art und Weiſe vorgetragen ha⸗ Auf nas rt
192 749 1390 838 ben, wie die Regierung die Geſellſchaften am beſten un. icüa
192 803 1375 896 terſtuͤtzen kann, die Fabriken anlegen; ſo kommen wir
192 884 1386 971 nunmehro auf die Unterſtuͤtzung der einzeln Manufa⸗ killl.
192 944 1210 1014 cturiers und Meiſter bey denen Seiden⸗ Wollen und
192 1007 1241 1078 Leinenmanufacturen, als bey welchen wir die Geſell⸗
192 1072 1243 1141 ſchaften, als Entreprenneurs derſelben, nicht vor dienlich
192 1129 1241 1199 erachtet haben. Da hier das Hauptaugenmerk der Re⸗
192 1189 1241 1261 gierung dahin gerichtet ſeyn muß, dieſe Leute in den
192 1253 1239 1321 Stand zu ſetzen, daß ſie ſich ſelbſt verlegen koͤnnen;
192 1316 1241 1387 ſo iſt das erſte, was ſie hierinnen thun kann, daß ſie
192 1379 1246 1447 dieſelben mit Stuͤhlen und Handwerkszeuge zu Ausuͤ⸗
192 1440 1245 1506 bung ihrer Manufacturarbeit verſiehet. Wenn man vor⸗
192 1499 1244 1562 ausſetzet, daß unter den c o geſchickten fremden Arbeitern,
192 1555 1242 1623 welche die Regierung vermoͤge der auszuzahlenden Rei⸗
192 1614 1245 1689 ſekoſten jaͤhrlich in das Land ziehet, 30 Seiden⸗ Wollen⸗
196 1676 1242 1747 und Leinenarbeiter ſind; und wenn man annimmt, daß
200 1739 1243 1815 ein Stuhl undlHandwerksgeraͤthe vor einen Arbeiter, ei⸗
200 1801 1240 1874 nen in das andre gerechnet, 5o rthlr. koſtet; ſo wird ſie
202 1862 1243 1938 nur den zwanzigſten Theil von der jaͤhrlich ausgeworfnen
203 1923 1246 2000 Summe noͤthig haben, um dieſe zo Arbeiter damit zu ver⸗
203 1985 1239 2061 ſehen. Es wird rathſam ſeyn, daß man ihnen nur dieHelf⸗
205 2044 1228 2123 te der Summe ſchenket, was der Stuhl und das Hand⸗
612 2113 1245 2180 G5 werks⸗
1460 1005 1504 1077 f
1465 1083 1501 1121 l
1458 1906 1485 1963 1
192 2340 1397 2373 —
1460 1292 1500 1335 4
1459 637 1532 673 i ll1
1459 758 1532 838 in
1515 1366 1532 1434 1
1454 1855 1532 1955 m
1450 1947 1536 1995 1
1454 1994 1519 2028 1
1473 1484 1484 1504 1
1459 1529 1499 1572 1
1484 1609 1532 1645 iJ1
