1530 2382
383 169 1343 243 106 III. Abſch. von Anlegung und Gruͤndung
365 271 1343 340 werksgeraͤthe gekoſtet hat und daß man ihnen die uͤbrige
365 334 1343 400 Helfte nach und nach alle Jahre etwas weniges bezah⸗
365 393 1343 461 len laͤßt; indem man dadurch ein Recht behalten wird,
369 455 1343 524 auf unordentliche Wirthe aufmerkſam zu ſeyn, daß ſie das
365 515 1343 583 Handwerksgeraͤthe nicht veraͤußern duͤrfen. Wenn ſie
365 564 1343 645 nun ſolchergeſtalt zu arbeiten in Stand geſetzet ſind;
365 639 1343 709 ſo muͤſſen ſie gegen kuͤnftige Bezahlung mit denen er⸗
365 696 1343 768 ſten Materialien verſehen werden, um ihre Arbeit an⸗
365 759 1343 828 fangen zu koͤnnen, davon wir ſogleich bey Gelegen⸗
365 821 1343 892 heit des Manufacturhauſes in mehrern handeln wer⸗
365 884 1343 955 den. Endlich aber wird es noͤthig ſeyn, daß die Re⸗
365 948 1343 1014 gierung einem jeden einzeln Meiſter und Manufacturier
365 1009 1343 1073 die erſten 6 Jahre uͤber ein gewiſſes Praͤmium vor ein
365 1065 1343 1136 jedes Stuͤck Seidenzeug, Tuch und feine Leinewand,
365 1131 1343 1201 die nach Vorſchrift der Reglements verfertiget ſind,
365 1192 1343 1263 auszahlet, ſowohl um dieſe Meiſter zu deſto mehrern
365 1252 1343 1320 Fleiß zu ermuntern, als ihnen den Anfangs theurern
365 1307 1343 1376 ohn der Spinnerey uͤbertragen zu helfen. Es wird
365 1369 1343 1440 genug ſeyn, wenn ſie vor jedes Stuͤck Seidenzeug, Tuch
365 1431 1343 1505 und feine Leinewand zwey Rthaler Praͤmium bezahlet;
365 1497 1343 1567 und wenn man annimmt, daß von ſolchen neuange⸗
365 1559 1343 1627 henden Manufacturiers jaͤhrlich 4500 Stuͤck verfer⸗
365 1621 1343 1690 tiget werden: ſo werden hierzu drey Zehentheile des
365 1680 1343 1748 jaͤhrlich beſtimmten Aufwandes erfordert. Es bleiben
365 1742 1342 1812 demnach noch drey Zwanzigtheile von der jaͤhrlich aus⸗
365 1804 1342 1873 geworfenen Summe uͤbrig; und dieſe muͤſſen zu Un⸗
365 1865 1342 1938 terhaltung eines Manufacturhauſes verwendet werden,
365 1926 1342 2001 wovon wir nunmehr etwas ausfuͤhrlicher handeln
365 1989 572 2056 muͤſſen.
1208 2105 1342 2161 Wenn
