2658 3263
169 514 315 555 damaligen
347 523 402 553 Zeit
438 525 502 556 nicht

169 554 263 579 wären.

168 581 210 609 des
231 586 445 622 Sexualſyſtems,
471 592 559 623 welche
583 593 654 622 mehr
680 593 722 619 als
743 594 831 625 irgend
852 595 933 622 etwas

540 525 587 557 faſt
618 527 693 558 gleich
725 527 787 554 Null

178 616 282 653 Anderes
304 623 343 649 ein
364 624 532 657 Hemmſchuh
553 625 596 656 für
616 627 654 653 die
668 627 781 654 Botanik
801 630 948 660 geworden

166 647 227 689 ſind.
251 656 317 692 Ein
338 657 430 689 großer
440 659 532 689 Fehler
546 660 587 692 lag
602 659 670 691 ſchon
687 661 768 692 darin,
790 661 839 694 daß
853 664 933 689 Linné

166 681 231 711 ſeine
242 691 508 723 Hauptabteilungen,
531 693 569 718 die
580 694 690 725 Klaſſen,
705 700 755 720 von
770 695 932 722 Merkmalen

185 724 210 756 er
230 723 387 758 männlichen
399 725 515 757 Organe,
536 726 579 752 der
592 726 786 758 Staubblätter,
808 729 931 755 ableitete.

179 759 217 786 Lie
237 757 411 786 conſtanteren
427 759 572 785 Merkmale
591 759 643 791 ſind
665 760 722 791 ſtets
745 762 782 788 bei
798 762 844 788 den
858 764 931 789 weib—

166 781 252 830 lichen
271 789 392 821 Organen
422 798 452 823 zu
480 792 576 824 ſuchen,
606 794 668 819 aber
697 795 760 827 dieſe
789 802 874 822 waren
903 803 932 829 zu

165 815 269 848 Linné's
300 823 387 853 Zeiten
420 832 470 852 nur
507 826 584 857 höchſt
613 828 782 860 ungenügend
817 830 931 857 bekannt.

165 845 254 905 Eelbſt
269 857 306 883 die
318 858 463 885 Merkmale
478 860 520 886 der
538 855 696 888 männlichen
707 862 822 895 Organe,
844 865 932 895 welche

165 882 242 934 Linne
263 890 378 921 benutzen
403 893 504 923 konnte,
534 895 581 920 wie
601 902 619 927 z.
640 896 674 922 B.
700 896 737 922 die
758 897 867 931 Anzahl,
893 899 931 925 die

164 916 439 958 Längenverhältniſſe,
470 927 509 954 die
532 929 734 963 Verbindungen
765 928 807 958 der
830 932 930 959 Staub⸗

183 953 257 992 lätter
276 960 350 986 unter
374 960 416 992 ſich
447 962 498 989 und
524 963 571 989 mit
594 966 705 991 anderen
724 965 852 999 Organen
878 967 930 999 ſind

164 984 317 1025 keineswegs
333 994 483 1030 diejenigen,
504 997 549 1028 auf
564 998 650 1030 welche
665 1005 724 1025 man
742 1000 779 1026 bei
794 1007 931 1032 genauerer

164 1025 394 1059 morphologiſcher
412 1030 542 1056 Kenntnis
569 1032 616 1057 das
635 1032 830 1065 Hauptgewicht
859 1036 929 1067 legen

175 1060 233 1095 ann,
255 1061 306 1098 und
326 1061 444 1089 überdies
465 1065 569 1090 wurden
590 1065 622 1097 ſie
641 1071 691 1092 von
711 1068 791 1093 Linné
811 1068 865 1099 ſehr
884 1063 929 1094 un⸗

163 1088 328 1127 gleichmäßig
349 1096 375 1121 in
391 1097 562 1130 Anwendung
577 1099 700 1130 gebracht.
731 1100 822 1131 Daher
837 1102 930 1128 kommt

163 1126 197 1168 557
218 1125 263 1159 daß
279 1128 322 1165 die
341 1130 497 1161 Linné'ſchen
513 1131 616 1163 Klaſſen
636 1139 686 1159 von
706 1133 761 1166 ſehr
774 1136 928 1167 ungleichem

162 1153 245 1193 Werte
266 1161 318 1191 ſind
339 1162 391 1188 und
412 1162 461 1195 daß
483 1165 560 1192 daher
580 1167 637 1197 auch
659 1168 706 1193 das
728 1174 805 1201 ganze
822 1169 928 1200 Syſtem

162 1186 245 1225 keinen
265 1194 361 1225 joliden
382 1196 509 1223 Eindruck
533 1199 620 1230 macht.
658 1200 745 1227 Einen
769 1208 832 1240 ganz
853 1202 928 1233 glück⸗

162 1219 249 1268 lichen
262 1219 344 1268 Griff
357 1229 401 1265 hat
423 1237 442 1262 z.
467 1231 500 1257 B.
527 1232 607 1257 Linné
632 1233 670 1259 bei
700 1234 742 1260 der
766 1229 928 1268 Aufftellung

164 1262 203 1297 der
228 1260 265 1299 15.
285 1263 370 1294 Klaſſe
393 1264 495 1296 gethan,
525 1266 612 1295 welche
640 1268 750 1300 ziemlich
779 1275 861 1301 genau
887 1270 929 1296 der

178 1293 273 1330 gamilie
286 1295 336 1334 der
346 1296 500 1334 Cruciferen
521 1299 663 1333 entſpricht;
684 1303 743 1333 auch
764 1303 803 1329 die
820 1304 856 1329 12.
876 1304 927 1330 und

177 1324 200 1349 3.
219 1328 307 1360 Klaſſe
335 1330 388 1367 ſind
417 1332 475 1361 noch
503 1334 613 1366 ziemlich
639 1335 747 1368 geſchickt
776 1337 927 1369 begründet;

161 1354 214 1389 ſehr
232 1363 346 1401 verkehrt
369 1364 421 1397 ſind
442 1367 553 1399 dagegen
576 1369 615 1395 die
638 1370 682 1399 16.,
711 1371 756 1400 17.,
787 1373 822 1396 18.
842 1371 927 1404 Klaſſe

160 1392 210 1429 und
240 1395 278 1423 die
298 1398 400 1429 meiſten
427 1399 571 1434 derjenigen
597 1403 756 1437 abgegrenzt,
788 1405 827 1431 bei
848 1406 926 1432 denen

161 1422 198 1451 die
219 1428 311 1466 bloßen
331 1433 596 1468 Zahlenverhältniſſe
617 1438 642 1463 in
662 1438 747 1470 Frage
767 1439 890 1466 kommen.

192 1460 264 1492 Nicht
295 1466 438 1498 glücklicher
470 1468 522 1500 ſind
555 1470 594 1495 die
626 1471 673 1496 den
708 1472 811 1504 Klaſſen
844 1474 940 1499 unter⸗

159 1492 309 1554 Fbapneten
341 1499 504 1535 Ordnungen
537 1503 685 1534 behandelt,
725 1506 834 1537 obgleich
872 1507 926 1535 ihre

185 1526 311 1565 haraktere
325 1533 483 1565 großenteils
504 1535 547 1567 ſich
568 1537 614 1568 auf
629 1539 676 1564 das
692 1540 817 1571 weibliche
831 1540 925 1573 Organ

177 1563 283 1592 eziehen.
331 1567 370 1593 Es
400 1567 428 1598 iſt
460 1569 521 1595 aber
549 1570 603 1601 hier
631 1571 677 1604 auf
706 1573 744 1599 die
775 1574 844 1606 meiſt
872 1574 927 1607 ſehr

159 1593 385 1629 untergeordneten
395 1601 660 1638 Zahlenverhältniſſe
672 1609 719 1633 das
730 1607 926 1640 Hauptgewicht

159 1627 247 1662 gelegt.
284 1633 344 1660 Das
365 1635 532 1669 Schlimmſte
558 1638 586 1670 iſt
606 1642 667 1666 aber
691 1639 772 1671 dabei,
802 1636 852 1675 daß
878 1644 925 1669 das

160 1660 222 1698 ohne
246 1667 293 1692 alle
314 1668 477 1702 Conſequenz
501 1671 629 1703 geſchehen
655 1674 690 1704 iſt.
728 1675 799 1701 Bald
825 1676 925 1703 werden

176 1701 197 1720 ie
216 1697 313 1731 Zahlen
334 1702 380 1734 auf
405 1704 444 1729 dte
464 1704 559 1736 Griffel
581 1706 694 1739 bezogen,
721 1709 768 1734 wie
792 1715 811 1741 z.
831 1709 865 1735 B.
887 1710 925 1735 bei

176 1735 205 1767 en
224 1733 414 1768 Umbelliferen,
439 1737 606 1765 Alismaceen
630 1748 653 1766 u.
674 1748 705 1771 a.,
732 1739 795 1768 bald
818 1743 863 1774 auf
887 1743 926 1769 die

158 1759 413 1801 Mündungslappen
439 1772 581 1803 (Narben),
610 1774 657 1799 wie
686 1775 724 1800 bei
753 1775 798 1801 den
828 1776 924 1807 Caryo—

157 1794 284 1836 phylleen,
305 1803 465 1829 Gramineen
486 1811 510 1830 u.
531 1805 547 1837 ſ.
568 1812 598 1831 w.
635 1806 697 1838 Daß
725 1808 798 1834 dabei
820 1809 857 1835 die
876 1809 925 1841 Fa⸗

158 1832 247 1866 milien
269 1835 305 1867 oft
324 1837 350 1861 in
372 1837 484 1864 mehrere
502 1838 604 1869 Klaſſen
624 1842 675 1865 und
689 1840 853 1873 Ordnungen
872 1848 925 1868 ver⸗

153 1855 212 1904 teilt
239 1869 337 1894 werden
366 1869 477 1900 mußten,
505 1870 533 1901 iſt
560 1872 599 1896 ein
619 1872 718 1903 Fehler,
745 1875 787 1899 der
812 1874 857 1904 auf
877 1876 925 1900 alle

160 1898 231 1937 Fälle
252 1901 319 1932 hätte
339 1902 483 1928 vermieden
503 1904 602 1929 werden
624 1904 727 1931 können.

163 1929 243 1962 „Die
275 1935 453 1969 Begründung
486 1936 528 1963 der
559 1937 720 1971 Ordnungen
759 1940 833 1967 leidet
871 1948 924 1968 nun

160 1957 277 2003 überdies
298 1976 331 1995 an
343 1971 395 2006 der
414 1970 509 2004 großen
523 1972 726 2006 Inconſequenz,
749 1974 798 2007 daß
819 1975 857 2001 bei
878 1976 923 2001 den

159 1993 267 2040 höheren
287 2004 389 2035 Klaſſen
414 2006 452 2032 die
471 2006 717 2039 Klaſſencharaktere
742 2010 784 2035 der
807 2009 924 2036 niederen

182 2030 258 2074 laſſen
278 2038 319 2063 als
339 2038 629 2072 Ordnungsmerkmale
650 2043 745 2074 benutzt
766 2042 827 2075 ſind.

190 2072 343 2108 Immerhin
373 2073 400 2104 iſt
424 2074 504 2100 Linné
533 2076 587 2101 eine
617 2076 693 2109 große
717 2077 923 2109 Geſchicklichkeit

157 2094 196 2124 bei
223 2102 367 2144 Abfaſſung
404 2107 483 2138 ſeines
514 2109 636 2141 Syſtems
666 2111 730 2142 nicht
750 2111 922 2145 abzuſtreiten,

158 2133 208 2179 und
230 2136 277 2175 das
298 2141 404 2171 Syſtem
430 2141 474 2172 hat
499 2141 541 2174 ſich
562 2150 648 2176 wegen
668 2144 746 2176 ſeiner
766 2145 923 2177 ſcheinbaren

157 2163 309 2203 Leichtigkeit
338 2175 379 2199 bis
408 2175 453 2206 auf
474 2176 520 2201 den
551 2178 668 2209 heutigen
692 2178 749 2211 Tag
775 2180 816 2204 als
838 2178 923 2210 Eſels—

159 2196 239 2229 brücke
260 2205 400 2235 brauchbar
421 2215 448 2237 zu
469 2211 570 2236 machen
591 2211 700 2243 gewußt.

158 2263 170 2286 8
192 2234 231 2263 Es
254 2239 297 2272 hat
323 2242 384 2278 aber
411 2243 475 2272 nicht
495 2245 615 2276 geringen
637 2245 756 2274 Schaden
784 2245 924 2279 verurſacht

158 2268 276 2308 dadurch,
307 2275 355 2308 daß
385 2282 410 2303 es
439 2277 575 2310 Anfänger
603 2286 646 2312 zur
675 2280 924 2313 Gedankenloſigkeit

158 2306 254 2337 erzieht.

190 2337 241 2377 Die
261 2342 452 2377 Schwierigkeit
473 2346 515 2372 der
535 2346 696 2381 Aufſtellung
722 2350 791 2376 eines
816 2348 923 2380 wirklich

157 2373 312 2411 natürlichen
333 2379 455 2410 Syſtems
477 2381 538 2412 liegt
559 2382 640 2411 darin,
665 2383 714 2415 daß
736 2385 775 2410 die
796 2384 923 2416 Morpho⸗

168 2410 231 2447 ogie
246 2413 304 2441 noch
329 2413 383 2439 eine
408 2414 432 2446 ſo
452 2415 529 2446 junge
549 2415 721 2449 Wiſſenſchaft
750 2418 784 2449 iſt,
815 2418 864 2449 daß
894 2417 923 2448 ſie

156 2442 205 2466 uns
226 2450 250 2469 in
271 2446 425 2480 unzähligen
446 2448 535 2478 Fällen
557 2450 613 2478 noch
635 2457 699 2484 ganz
719 2452 754 2478 im
767 2451 839 2483 Stich
860 2450 923 2483 läßt,

168 2479 238 2510 erner
257 2480 318 2506 aber
346 2482 404 2511 auch
426 2484 512 2513 darin,
544 2484 606 2516 daß,
636 2487 788 2515 namentlich
818 2487 856 2511 bei
877 2486 923 2511 den

156 2503 263 2551 höheren
275 2513 408 2545 Pflanzen,
430 2517 468 2542 die
489 2518 718 2549 embryologiſchen
739 2522 789 2545 und
805 2519 923 2551 ſexuellen

166 2544 298 2575 Nerkmale
324 2548 410 2581 häufig
437 2549 478 2581 für
504 2552 541 2576 die
562 2552 717 2584 Einteilung
743 2554 766 2578 in
792 2553 923 2585 Familien

856 448 1044 486 Syſtematik.

164 2574 197 2603 ich
218 2580 397 2611 unbrauchbar
416 2584 544 2615 erweiſen.
582 2585 675 2611 Wollte
696 2593 758 2611 man
779 2593 797 2619 3.
817 2587 842 2612 B.
864 2586 923 2616 nach

173 2612 198 2632 er
225 2611 304 2650 Form
326 2615 368 2640 der
399 2615 593 2648 Samenknoſpe
620 2618 751 2648 einteilen,
782 2619 806 2650 ſo
836 2619 923 2649 müßte

154 2642 215 2689 Dan
245 2645 283 2671 die
302 2647 416 2685 Familie
446 2650 488 2676 der
513 2650 657 2676 Urticaceen
687 2651 712 2676 in
742 2652 830 2684 ebenſo
859 2651 938 2678 viele

155 2675 225 2709 Teile
254 2680 298 2705 des
320 2681 443 2712 Syſtems
473 2684 591 2714 bringen,
621 2684 663 2709 als
692 2688 718 2709 es
738 2685 850 2714 Formen
882 2687 938 2711 der

155 2699 351 2751 Samenknoſpe
371 2716 446 2746 giebt,
469 2718 531 2742 denn
553 2717 600 2747 faſt
614 2718 661 2742 alle
677 2718 787 2749 Formen
808 2717 938 2745 kommen

156 2742 163 2760 in
219 2744 279 2776 dieſer
299 2748 372 2773 einen
392 2749 507 2780 Familie
526 2757 580 2776 vor.

187 2774 279 2810 Daher
301 2780 376 2810 ſtellte
393 2782 492 2813 Juſſieu
513 2783 560 2809 mit
574 2783 650 2812 Recht
670 2783 717 2809 das
736 2785 845 2817 Prinzip
861 2784 922 2816 auf:
951 2786 990 2809 58.
1012 2783 1235 2821 Combretaceae.

172 2813 192 2831 ei
212 2809 375 2845 Anordnung
402 2818 443 2842 der
463 2817 587 2848 Pflanzen
612 2817 644 2848 ſei
669 2818 782 2844 niemals
808 2820 847 2845 ein
872 2819 911 2844 ein-
936 2820 990 2845 59.
1012 2817 1237 2842 Cucurbitaceae.

1651 460 1726 489 1001

412 558 416 562 5
604 559 608 564 N
825 528 935 561 geweſen
958 528 1056 567 ziges,
1068 538 1142 558 wenn
1167 533 1225 558 auch
1250 533 1308 564 noch
1333 533 1358 565 ſo
1384 535 1510 567 wichtiges
1531 536 1661 565 Merkmal
1682 542 1724 566 ent

301 556 340 582 Er
361 557 453 590 beging
474 558 552 588 daher
565 559 704 591 Mißgriffe
720 560 758 586 bei
773 558 949 594 Aufſtellung
1636 549 1641 564 f

963 563 1096 597 ſcheidend,
1122 565 1229 597 ſondern
1249 566 1296 597 auf
1316 566 1354 592 die
1375 567 1564 599 Geſammtheit
1584 571 1627 597 der
1646 572 1730 599 Merk—

963 599 1031 636 male
1060 600 1156 624 komme
1185 603 1212 624 es
1241 606 1283 625 an.
1321 599 1405 631 Durch
1436 601 1515 638 dieſen
1540 603 1677 630 Gedanken
1702 606 1731 637 iſt

961 632 1064 664 Juſſieu
1085 632 1127 658 der
1138 632 1219 658 Vater
1234 633 1297 658 aller
1317 639 1424 660 neueren
1438 634 1595 668 natürlichen
1609 637 1731 669 Syſteme

962 663 1105 707 geworden.
1381 700 1414 704 805
1504 701 1510 705 .

996 699 1054 725 Das
1075 699 1154 724 ältere
1166 698 1338 737 Juſſieu'ſche
1358 700 1464 731 Syſtem
1485 702 1558 731 rührt
1577 708 1627 728 von
1648 705 1730 731 Bern⸗

961 732 1024 762 hard
1039 738 1089 758 von
1101 731 1204 764 Juſſieu
1220 732 1269 762 her,
1291 732 1319 770 iſt
1333 732 1394 771 aber
1407 734 1452 762 erſt
1466 740 1516 760 von
1530 734 1620 766 ſeinem
1635 737 1726 769 Neffen

960 765 1047 791 Anton
1072 765 1164 797 Lorenz
1183 771 1234 791 von
1248 761 1354 808 Juſſieu
1374 773 1410 792 im
1429 766 1514 804 Jahre
1534 769 1601 793 1774
1621 769 1728 797 bekannt

961 798 1071 830 gemacht
1100 800 1212 825 worden.
1253 798 1355 836 Später
1384 799 1488 831 erſchien
1518 800 1565 827 das
1594 802 1648 834 ſehr
1676 809 1728 830 ver⸗

960 832 1061 863 beſſerte
1089 839 1179 858 neuere
1191 832 1370 870 Juſſieu'ſche
1399 833 1505 865 Syſtem
1533 840 1586 861 von
1615 836 1728 864 Antoine

960 866 1068 893 Laurent
1088 867 1116 893 de
1135 866 1246 903 Juſſieu.
1311 900 1314 905 A
1353 900 1385 905 ie
1558 902 1566 906 N

993 901 1061 932 Nach
1098 900 1229 933 denſelben
1267 900 1419 933 Prinzipien
1457 901 1566 940 entwarf
1598 903 1727 937 Auguſtin

959 935 1095 967 Pyramus
1132 935 1159 961 de
1192 934 1319 962 Candolle
1355 935 1395 961 ein
1432 936 1586 968 natürliches
1619 937 1726 971 Syſtem

959 969 1064 1000 (Regni
1103 969 1267 1001 vegetabilis
1304 969 1431 1001 Systema
1467 973 1591 995 naturae.
1647 972 1727 998 Paris

963 1004 1150 1032 18181821),
1175 1002 1277 1032 welches
1301 1003 1356 1034 hier
1375 1003 1429 1041 eine
1449 1002 1533 1041 Stelle
1553 1003 1637 1035 finden
1657 1012 1725 1038 mag,

959 1036 991 1063 da
1002 1039 1028 1063 es
1045 1037 1069 1062 in
1081 1035 1251 1068 Deutſchland
1267 1037 1403 1068 allgemein
1417 1037 1561 1069 eingeführt
1575 1039 1677 1065 worden
1689 1040 1730 1072 iſt.

1036 1096 1057 1121 I.
1079 1095 1197 1120 Plantae
1218 1095 1376 1131 vasculares
1397 1095 1646 1129 (phanerogamiſche

1229 1127 1457 1161 Gefäßpflanzen).

1044 1174 1066 1199 1.
1094 1174 1280 1203 Exogenae
1309 1174 1630 1207 (außenwachſende),

1204 1207 1475 1239 Dicotyledonen.

970 1250 1002 1275 A.
1022 1249 1072 1276 Die
1093 1248 1257 1276 Blütendecke
1277 1249 1369 1281 beſteht
1388 1254 1437 1276 aus
1457 1251 1516 1283 zwei
1537 1250 1713 1284 Blattkreiſen.

1214 1292 1234 1317 1.
1255 1291 1478 1318 Thalamiflorae.

1179 1343 1206 1375 a)
1228 1343 1349 1376 Carpelle
1370 1344 1498 1377 zahlreich.

973 1386 996 1411 1.
1019 1385 1260 1413 Ranunculaceae.
1387 1387 1411 1412 5.
1433 1387 1657 1420 Menispermeae.

972 1422 995 1445 2.
1020 1419 1214 1446 Dilleniaceae.
1384 1423 1407 1447 6.
1432 1422 1617 1448 Berberideae.

971 1455 995 1479 3.
1015 1454 1234 1485 Magnoliaceae.
1384 1456 1407 1481 7.
1431 1456 1639 1488 Podophylleae.

971 1488 994 1512 4.
1016 1488 1189 1513 Anonaceae.
1383 1491 1406 1514 8.
1427 1490 1664 1521 Nymphacaceae.

991 1533 1019 1564 b)
1040 1534 1158 1566 Carpelle
1178 1533 1282 1566 einfach,
1302 1534 1495 1566 Samenträger
1515 1535 1699 1568 wandſtändig.

952 2202 992 2225 32.
1016 2201 1246 2233 Malpighiaceae.
1364 2202 1404 2225 44.
1429 2201 1576 2227 Rutaceae.

952 2251 980 2284 d)
995 2251 1086 2285 Frucht
1100 2253 1125 2279 in
1141 2254 1213 2280 einen
1229 2251 1367 2286 fleiſchigen
1381 2251 1554 2291 Fruchtboden
1570 2253 1716 2286 eingeſenkt,

1056 2287 1103 2313 mit
1123 2288 1179 2314 dem
1201 2291 1243 2314 der
1262 2285 1357 2318 Griffel
1378 2287 1614 2319 zuſammenhängt.

969 2328 991 2353 5.
1012 2328 1199 2355 Simarubeae.
1357 2329 1398 2354 46.
1419 2328 1590 2354 Ochnaceae.

1192 2378 1215 2402 2.
1236 2375 1468 2409 Calyciflorae.

972 1576 995 1600 9.
1019 1575 1235 1607 Papaveraceae.
1369 1577 1409 1601 15.
1434 1576 1588 1602 Violaceae.

957 1610 995 1634 10.
1021 1609 1191 1634 Fumarieae.
1368 1611 1409 1635 16.
1433 1610 1605 1641 Polygaleae.

956 1643 994 1668 11.
1015 1643 1182 1668 Cruciferae.
1371 1644 1408 1668 17.
1433 1644 1612 1668 Resédaceae.

956 1677 994 1701 12.
1015 1676 1213 1707 Capparideae.
1372 1678 1407 1701 18.
1432 1677 1624 1702 Droseraceae.

958 1709 994 1734 13.
1019 1709 1250 1734 Flacourtiaceae.
1368 1711 1407 1735 19.
1432 1709 1660 1735 Frankeniaceae.

956 1744 994 1768 14.
1019 1742 1203 1768 Passifloreae.
1366 1747 1407 1770 20.
1428 1743 1573 1768 Cistineae.

997 1793 1022 1824 c)
1044 1792 1225 1825 Fruchtknoten
1244 1794 1347 1826 einfach,
1367 1792 1559 1825 Samenträger
1579 1794 1682 1820 central.

954 1834 993 1858 21.
1015 1834 1245 1865 Caryophylleae.
1364 1837 1404 1859 33.
1425 1834 1649 1865 Hippocratieae.

953 1867 993 1891 22.
1018 1866 1126 1891 Lineae.
1365 1869 1404 1892 34.
1424 1867 1635 1898 Hypericineae.

953 1901 993 1923 23.
1017 1899 1183 1923 Malvaceae.
1365 1901 1404 1924 35.
1426 1899 1592 1924 Guttiferae.

952 1933 993 1957 24.
1015 1932 1198 1958 Chlenaceae.
1365 1934 1405 1958 36.
1425 1933 1678 1966 Maregraviaceae.

953 1967 993 1991 25.
1017 1965 1237 1997 Byttneriaceae.
1365 1968 1406 1992 37.
1426 1967 1647 1994 Sarmentaceae.

952 2001 993 2024 26.
1013 1999 1227 2026 Sterculiaceae.
1365 2002 1406 2026 38.
1426 2000 1623 2028 Geraniaceae.

952 2034 993 2058 27.
1014 2033 1162 2060 Tiliaceae.
1365 2035 1406 2059 39.
1427 2034 1584 2062 Cedreleae.

938 2070 993 2092 28.
1016 2067 1230 2100 Elaęocarpeae.
1365 2068 1406 2092 40.
1426 2068 1585 2095 Meliaceae.

952 2102 992 2125 29.
1015 2100 1213 2132 Sapindaceae.
1364 2102 1405 2126 41.
1426 2101 1623 2134 Hesperideae.

952 2134 993 2159 30.
1018 2134 1266 2166 Hippocastaneae.
1364 2135 1405 2159 42.
1426 2135 1601 2162 Camellieae.

952 2168 992 2191 31.
1014 2167 1181 2194 Aceraceae.
1365 2169 1405 2192 43.
1427 2170 1584 2195 Olacineae.

951 2418 991 2443 47.
1016 2417 1231 2449 Frangulaceae.
1363 2419 1403 2442 60.
1426 2418 1555 2442 Loaseae.

951 2453 991 2476 48.
1013 2451 1174 2483 Samydeae.
1363 2452 1403 2477 61.
1424 2451 1603 2480 Onagrariae.

951 2487 991 2510 49.
1013 2485 1230 2517 Zanthoxyleae.
1363 2487 1403 2510 62.
1425 2485 1554 2510 Ficoldes.

952 2520 992 2543 50.
1015 2518 1199 2547 Juglandeae.
1362 2520 1403 2543 63.
1425 2519 1637 2550 Paronychieae.

952 2552 992 2576 51.
1011 2551 1257 2577 Terebinthaceae.
1362 2552 1402 2576 64.
1426 2551 1614 2578 Portulaceae.

951 2586 989 2609 52.
1016 2584 1225 2614 Leguminosae.
1362 2585 1402 2609 65.
1424 2584 1572 2615 Nopaleae.

951 2619 991 2642 53.
1015 2617 1161 2641 Rosaceae.
1362 2618 1402 2642 66.
1423 2618 1640 2644 Grossularieae.

951 2651 991 2675 54.
1011 2649 1170 2674 Salicariae.
1362 2651 1403 2675 67.
1423 2651 1626 2677 Crassulaceae.

952 2684 991 2708 55.
1012 2682 1243 2708 PTamariscineae.
1363 2684 1403 2708 68.
1424 2684 1613 2714 Saxifrageae.

951 2719 990 2742 56.
1014 2716 1217 2741 Melastomeae.
1363 2718 1403 2741 69.
1424 2717 1623 2743 Cunoniaceae.

951 2752 991 2776 57.
1014 2749 1175 2781 Myrtineae.
1362 2751 1402 2775 70.
1427 2750 1631 2777 Umbelliferae.

1362 2784 1403 2809 71.
1426 2784 1597 2811 Araliaceae.

1362 2819 1401 2843 72.
1423 2818 1616 2850 Caprifolieae.
