2658 3262
951 507 1075 539 Ablegen
1092 507 1150 534 oder
1165 507 1299 539 Abſenken,
1322 508 1450 539 Abhaken,
1473 509 1583 536 Senken,
1605 509 1682 536 Abla—

916 542 1022 570 teriren,
1039 537 1081 594 ist
1107 542 1160 566 eine
1182 541 1337 573 Operation,
1368 544 1414 569 mit
1442 546 1514 569 deren
1540 544 1619 572 Hülfe
1645 545 1683 569 ein

917 575 1017 605 Zweig,
1034 562 1050 590 d
1039 582 1081 600 der
1101 575 1158 601 noch
1180 575 1226 600 mit
1247 577 1301 601 dem
1323 576 1448 602 Stamme
1470 578 1502 603 im
1526 577 1683 609 organiſchen

917 585 1158 639 Juſarnmeuhange
1179 608 1246 638 ſteht,
1268 616 1309 639 zur
1324 610 1478 648 Erzeugung
1499 618 1548 637 von
1563 611 1684 639 Wurzeln

918 640 1049 672 genöthigt
1061 642 1133 668 wird,
1146 648 1188 667 um
1201 642 1243 670 ihn
1247 640 1274 676 zu
1278 644 1358 669 einer
1366 643 1568 676 ſelbſtſtaändigen
1578 644 1685 675 Pflanze

918 682 946 704 zu
976 675 1089 701 erheben.
1139 675 1172 704 Zu
1202 676 1291 707 dieſem
1319 678 1419 709 Behufe
1449 678 1534 709 bringt
1561 685 1622 704 man
1648 678 1685 703 die

918 708 1009 743 Stelle,
1031 715 1064 735 an
1085 708 1186 736 welcher
1200 709 1241 742 ſich
1257 710 1294 737 die
1310 712 1428 743 Wurzeln
1444 713 1585 739 entwickeln
1601 711 1686 739 ſollen,

919 743 943 768 in
966 743 1004 769 die
1025 744 1078 769 dem
1100 744 1275 773 Wurzelleben
1296 747 1485 778 angemeſſenen
1507 745 1686 776 Verhältniſſe,

917 776 1085 809 Feuchtigkeit
1105 781 1155 804 und
1176 778 1264 810 Schutz
1286 787 1362 812 gegen
1385 783 1432 807 das
1452 781 1523 808 Licht.
1560 780 1612 807 Die
1626 780 1686 806 Ver⸗

918 813 1044 843 mehrung
1066 813 1136 840 durch
1158 813 1268 846 Ableger
1291 815 1318 846 iſt
1339 822 1371 841 an
1393 816 1459 841 keine
1479 814 1629 846 Jahreszeit
1650 820 1687 844 ge—

919 847 1029 872 bunden.
1072 847 1121 873 Ger
1123 847 1245 888 pöhnlich
1264 849 1357 880 benutzt
1381 857 1440 875 man
1463 852 1525 880 dazu
1547 848 1687 879 diejenigen

918 881 1026 911 Zweige,
1048 882 1134 907 welche
1155 882 1246 908 dem
1239 886 1352 910 Stamme
1374 885 1427 910 dem
1444 883 1535 909 Boden
1557 884 1622 908 nahe
1639 882 1678 907 ent

920 915 1045 945 ſpringen.
1092 915 1201 942 Treiben
1232 924 1274 942 am
1305 917 1478 948 Wurzelhalſe
1509 919 1551 942 der
1581 923 1606 945 zu
1636 921 1685 941 ver—

921 949 1072 975 mehrenden
1093 949 1200 980 Pflanze
1229 951 1292 976 viele
1323 952 1398 982 junge
1427 951 1528 981 Zweige
1557 949 1688 980 freiwillig

920 989 976 1011 aus,
994 985 1051 1008 oder
1066 984 1182 1009 nachdem
1199 991 1259 1009 man
1276 985 1329 1014 jene
1344 985 1414 1010 eines
1429 984 1520 1011 Theils
1537 984 1603 1010 ihrer
1617 983 1688 1012 Aeſte

921 1016 1026 1041 beraubt
1053 1017 1106 1045 hat,
1135 1017 1158 1042 ſo
1185 1018 1313 1046 behäufelt
1342 1024 1402 1043 man
1428 1017 1490 1048 dieſe
1513 1017 1605 1043 Triebe
1631 1019 1689 1042 oder

921 1050 969 1080 legt
998 1049 1038 1079 ſie,
1069 1058 1140 1076 wenn
1168 1051 1197 1077 ſie
1223 1052 1296 1077 Ende
1321 1051 1381 1077 Mai
1407 1057 1448 1076 am
1476 1051 1583 1076 Grunde
1608 1052 1688 1075 etwas

920 1083 1031 1112 verholzt
1053 1083 1109 1112 ſind,
1136 1085 1314 1116 bogenförmig
1337 1085 1360 1109 in
1382 1084 1436 1110 eine
1456 1091 1497 1110 am
1514 1084 1605 1110 Boden
1628 1085 1681 1110 hier

921 1116 963 1142 für
985 1118 1097 1144 bereitete
1118 1119 1204 1144 Rinne
1229 1121 1280 1144 und
1303 1117 1392 1143 bedeckt
1418 1117 1449 1148 ſie
1469 1118 1517 1143 mit
1537 1118 1691 1145 fruchtbarer

921 1151 997 1177 Erde.
1036 1152 1111 1182 Dieſe
1132 1153 1180 1178 Art
1206 1155 1248 1178 der
1267 1152 1447 1183 Vermehrung
1471 1152 1553 1182 eignet
1573 1151 1614 1182 ſich
1635 1158 1689 1178 vor⸗

922 1186 1056 1217 zugsweiſe
1085 1186 1127 1216 für
1155 1185 1316 1219 Haſelnuß-,
1347 1186 1513 1218 Beerenobſt-
1544 1189 1594 1213 und
1624 1186 1689 1216 Zier⸗

920 1214 1048 1272 ſträucher,
1081 1221 1137 1246 Vor
1157 1224 1210 1247 dem
1228 1220 1354 1251 Einlegen
1376 1221 1438 1246 kann
1460 1228 1521 1246 man
1540 1221 1578 1247 die
1596 1221 1691 1253 Zweige

921 1261 952 1279 an
981 1258 1022 1280 der
1042 1254 1139 1284 Stelle,
1170 1262 1201 1280 an
1229 1256 1271 1280 der
1297 1260 1357 1279 man
1378 1254 1497 1285 Wurzeln
1525 1262 1550 1285 zu
1572 1262 1690 1286 erzeugen

922 1264 1039 1318 wünſcht,
1073 1288 1120 1314 mit
1153 1289 1233 1314 einem
1267 1287 1355 1314 Draht
1390 1287 1517 1319 ſchnüren,
1552 1289 1690 1319 einkerben,

922 1323 1020 1352 ringeln
1050 1324 1108 1347 oder
1131 1323 1178 1347 wie
1204 1322 1240 1347 bei
1264 1322 1308 1347 den
1331 1309 1517 1349 Gartennelken
1540 1330 1581 1354 zur
1601 1323 1690 1352 Hälfte

922 1354 1104 1384 einſchneiden,
1129 1357 1187 1381 nach
1210 1357 1272 1380 oben
1297 1355 1444 1385 einſchlitzen
1466 1360 1516 1382 und
1539 1358 1576 1383 die
1599 1357 1681 1388 Spalt

922 1388 986 1417 ſtelle
1007 1388 1114 1416 klaffend
1135 1390 1262 1416 erhalten,
1288 1394 1343 1414 was
1361 1389 1432 1415 Alles
1454 1392 1516 1415 dazu
1539 1391 1618 1418 dient,
1646 1393 1691 1416 den

921 1421 1077 1453 Saftzufluß
1099 1428 1126 1449 zu
1149 1423 1272 1450 hemmen,
1294 1424 1354 1448 aber
1371 1423 1433 1449 nicht
1448 1430 1510 1454 ganz
1525 1424 1691 1453 aufzuheben.

921 1455 978 1482 Den
1001 1456 1148 1487 abgelegten
1167 1456 1249 1486 Zweig
1272 1455 1324 1482 hält
1346 1463 1406 1482 man
1427 1457 1498 1483 durch
1521 1457 1692 1488 übergeſteckte

923 1489 1037 1519 hölzerne
1057 1489 1169 1517 Häkchen
1196 1490 1221 1515 in
1242 1489 1320 1522 ſeiner
1339 1492 1404 1522 Lage
1429 1491 1471 1522 feſt
1496 1494 1547 1518 und
1569 1493 1607 1518 die
1632 1491 1693 1517 freie

921 1524 1009 1555 Spitze
1037 1524 1121 1549 bindet
1147 1531 1206 1549 man
1233 1532 1264 1550 an
1290 1525 1371 1551 einem
1393 1525 1524 1552 Stäbchen
1551 1526 1604 1558 auf.
1642 1526 1691 1552 Bei

921 1559 1002 1584 vielen
1034 1558 1163 1583 Gehölzen
1198 1560 1318 1584 brauchen
1351 1560 1389 1584 die
1418 1560 1529 1590 Ableger
1563 1566 1604 1589 zur
1631 1561 1691 1585 voll—

922 1594 1068 1618 kommenen
1085 1593 1272 1623 Bewurzelung
1294 1592 1332 1617 ein
1352 1592 1426 1623 Jahr,
1449 1593 1486 1618 bei
1507 1596 1616 1620 anderen
1633 1593 1691 1623 zwei

926 1626 1019 1656 Jahre,
1041 1626 1121 1657 einige
1143 1633 1260 1658 erzeugen
1282 1634 1330 1652 aus

1351 1628 1428 1652 altem
1444 1627 1524 1657 Holze
1544 1628 1607 1653 nicht
1623 1627 1691 1653 leicht

1091 2205 1154 2233 deſto
1186 2205 1260 2236 beſſer
1285 2211 1333 2230 aus
1359 2204 1417 2230 noch
1448 2204 1576 2236 krautigen

926 2242 1028 2270 theilen,
1051 2248 1067 2271 z.
1089 2241 1122 2267 B.
1145 2240 1183 2266 die
1204 2240 1369 2266 Brombeere.
1408 2238 1467 2265 Will
1491 2245 1550 2264 man
1573 2240 1633 2266 aber
1654 2244 1695 2267 des

925 2277 1050 2303 Erfolges
1077 2275 1147 2302 ſicher
1171 2275 1234 2304 ſein,
1264 2274 1287 2302 ſo
1309 2274 1370 2305 muß
1397 2274 1435 2299 die
1457 2273 1525 2300 Erde
1550 2274 1620 2300 durch
1643 2276 1685 2301 zeit

926 2312 1041 2337 weiliges
1057 2309 1187 2336 Begießen
1210 2308 1259 2334 und
1283 2309 1353 2334 durch
1370 2308 1516 2338 Bedeckung
1538 2309 1582 2333 mit
1602 2308 1695 2334 kurzem

926 2346 988 2373 Miſt
1018 2346 1085 2376 friſch
1113 2343 1225 2370 erhalten
1254 2344 1361 2368 werden.
1401 2341 1451 2368 Die
1471 2344 1638 2368 vollkommen
1662 2345 1688 2369 be

924 2207 1058 2234 Wurzeln,
1605 2206 1685 2233 Zweig

927 2480 1029 2506 bäume.

964 2514 1122 2542 Abnehmen
1142 2516 1215 2540 des

929 2547 1057 2572 deſſelben.

965 2582 1099 2605 Abobra
1118 2582 1301 2606 viridiflora
1330 2583 1421 2606 Nad.
1453 2580 1506 2605 eine

931 2614 1087 2639 curbitaceen
1103 2614 1222 2646 gehörige
1236 2615 1436 2647 Kletterpflanze
1453 2621 1501 2639 aus

1206 2514 1316 2545 Obſtes,
1339 2512 1353 2540 ſ.
1372 2511 1442 2540 Obſt,

1534 2586 1559 2607 zu

1515 425 1646 463 Ablegen
1673 445 1711 447 —
1737 426 1876 456 Abſtand.

1465 2511 1539 2536 Reife
1554 2511 1604 2536 und
1620 2511 1702 2536 Ernte

1588 2583 1631 2604 den
1654 2579 1702 2604 Cu⸗

1518 2613 1703 2640 Südamerika,

1714 509 1788 535 lichen
1806 512 1863 534 oder
1881 508 1967 535 Staub-
1993 513 2042 535 und
2064 510 2101 535 die
2117 509 2258 535 weiblichen
2276 512 2329 535 oder

1714 543 1817 568 blüthen
1842 542 1893 567 ſind
1920 542 1964 567 auf
1984 543 2150 568 verſchiedene
2173 543 2331 573 Individuen
2353 543 2479 568 vertheilt.

1713 576 1766 602 Auf
1792 577 1883 604 letztere
1912 576 1996 605 folgen
2027 576 2136 601 lebhafte
2162 577 2232 601 rothe
2257 577 2363 602 Beeren.
2408 576 2480 604 Dieſe

1713 610 1761 636 Art
1782 609 1869 635 dauert
1895 610 1941 635 mit
1965 611 2044 635 ihrem
2070 609 2206 636 fleiſchigen
2227 610 2401 639 Wurzelſtocke
2422 617 2479 637 aus,

1714 644 1756 669 der
1780 644 1840 668 aber
1865 643 1899 668 im
1921 643 2020 669 Winter
2041 645 2096 668 hoch
2121 644 2167 668 mit
2188 643 2257 669 Erde
2279 647 2335 669 oder
2354 643 2422 669 Laub
2443 650 2470 674 ge

1715 677 1774 703 deckt
1795 679 1894 702 werden
1914 677 1983 702 muß.
2013 678 2190 707 Vermehrung
2211 677 2280 702 durch
2298 676 2399 703 Samen
2415 680 2480 705 oder,

1715 717 1787 736 wenn
1809 717 1869 736 man
1893 712 1984 737 bereits
2005 711 2040 737 im
2062 710 2140 740 Beſitz
2161 711 2229 737 eines
2251 710 2409 737 männlichen
2431 712 2480 736 und

1716 745 1784 770 eines
1805 745 1946 771 weiblichen
1970 745 2125 772 Exemplars
2152 744 2191 771 iſt,
2222 746 2291 770 durch
2316 745 2354 770 die
2375 745 2419 774 auf
2440 748 2482 771 der

1717 779 1785 806 Erde
1805 779 1996 806 hinlaufenden,
2018 780 2225 806 eingewurzelten
2249 779 2355 810 Zweige.

1751 813 1958 846 Abraumſalze,
1979 814 1994 839 ſ.
2014 815 2183 845 Kalidünger.

1752 849 1898 873 Abronia
1916 850 2097 874 umbellata
2117 849 2195 872 Lam.,
2217 849 2270 874 eine
2287 855 2313 876 zu
2329 850 2373 874 den
2389 848 2481 874 Nycta—

1717 882 1804 909 gineen
1827 883 1971 911 gerechnete,
1996 882 2206 913 niedergeſtreckte
2228 886 2286 909 oder
2306 883 2406 912 ſchwach
2429 884 2472 908 klet

1716 919 1801 941 ternde
1822 917 1936 946 Perenne
1955 916 2143 942 Kaliforniens,
2168 918 2212 942 mit
2228 919 2368 948 angenehm
2386 916 2472 942 duften

1717 953 1772 977 den,
1793 951 1817 975 in
1841 950 2086 982 Doldenſträußchen
2108 950 2237 977 ſtehenden
2254 949 2376 979 Blumen,
2397 951 2483 976 welche

1717 989 1763 1009 vor
1783 984 1862 1009 ihrem
1878 984 2029 1010 Aufblühen
2051 985 2075 1009 in
2097 985 2165 1010 einer
2185 992 2232 1010 aus
2253 986 2285 1007 5—6
2335 985 2483 1014 ſchuppigen

1717 1017 1849 1043 Blättchen
1872 1018 2031 1043 beſtehenden
2046 1018 2123 1045 Hülle
2143 1020 2281 1048 verborgen
2302 1018 2366 1044 ſind;
2387 1018 2418 1044 ſie
2432 1016 2484 1043 ſind

1718 1051 1804 1078 röhrig
1828 1054 1878 1076 und
1906 1054 1985 1077 haben
2007 1053 2077 1076 einen
2099 1059 2146 1077 aus
2173 1052 2229 1077 fünf
2251 1052 2404 1078 herzförmig
2425 1059 2472 1077 aus

1718 1085 1896 1115 geſchnittenen
1908 1091 2008 1114 Lappen
2026 1085 2185 1111 beſtehenden
2232 1092 2304 1110 Saum;
2320 1085 2349 1113 ſie
2365 1085 2415 1116 ſind
2430 1086 2473 1111 lila

1719 1118 1855 1146 roſenroth,
1877 1120 1923 1145 mit
1945 1121 2024 1145 einem
2048 1122 2153 1145 helleren
2171 1119 2265 1146 Flecken
2287 1126 2328 1144 am
2347 1119 2484 1146 Schlunde.

2352 509 2478 539 Stempel⸗

1719 1221 1857 1248 riechetder
1871 1222 1993 1248 Blumen.
2031 1222 2111 1248 Beide
2126 1222 2205 1248 Arten
2221 1224 2320 1249 werden
2339 1222 2485 1253 zweijährig

1720 1257 1840 1284 kultivirt,
1862 1257 1943 1282 indem
1961 1256 1991 1281 ſie
2007 1257 2040 1281 im
2056 1256 2153 1287 Auguſt
2168 1257 2307 1287 ausgeſäͤet,
2330 1258 2367 1282 die
2382 1256 2475 1286 Pflänz

1720 1290 1773 1316 chen
1795 1291 1819 1316 in
1839 1289 1936 1319 Töpfen
1958 1290 2066 1315 froſtfrei
2089 1291 2251 1316 überwintert
2271 1295 2321 1317 und
2336 1291 2409 1317 Ende
2424 1291 2485 1317 Mai

1720 1325 1744 1349 in
1767 1325 1866 1350 leichten
1881 1324 1972 1349 Boden
1993 1326 2044 1349 und
2067 1325 2090 1348 in
2113 1331 2223 1349 warmer
2237 1329 2308 1354 Lage,
2332 1332 2347 1352 z.
2361 1326 2393 1351 B.
2409 1332 2485 1355 gegen

1720 1358 1758 1383 ein
1774 1358 1885 1388 Spalier
1905 1364 1951 1382 vor
1967 1358 2033 1381 einer
2048 1359 2105 1382 nach
2126 1357 2215 1383 Süden
2232 1360 2366 1388 gelegenen
2381 1359 2485 1385 Mauer,

1719 1390 1847 1422 gepflanzt
1867 1394 1975 1415 werden.

1754 1424 1923 1455 Abſäugeln,
1944 1422 2135 1454 Abſaugen,
2108 1422 2140 1455 ſ.
2156 1423 2313 1449 Ablaktiren.

1755 1431 1923 1487 Abfenlen,
1936 1456 1951 1482 ſ.
1989 1456 2101 1482 Ablegen,
2137 1460 2194 1482 auch
2225 1459 2404 1485 Vermehrung
2437 1465 2485 1484 von

1720 1492 1809 1525 Frucht⸗
1840 1494 1891 1516 und
1921 1491 2098 1519 Ziergehölzen.

1755 1526 1882 1556 Abſtand.
1896 1540 1926 1542 —
1942 1525 1990 1550 Bei
2007 1528 2047 1550 der
2060 1525 2227 1558 Verbindung
2243 1527 2417 1558 gleichartiger
2430 1531 2487 1554 oder

1721 1559 1932 1591 ungleichartiger
1944 1558 2075 1584 Gewächſe
2093 1566 2139 1584 zue
2134 1560 2200 1593 einer
2213 1561 2383 1587 einheitlichen
2398 1562 2476 1593 Pflan

1722 1600 1785 1623 zung
1812 1594 1854 1619 hat
1881 1598 1941 1617 man
1967 1595 2011 1628 den
2033 1592 2101 1618 Raum
2145 1594 2169 1618 in
2192 1597 2238 1620 das
2259 1595 2332 1627 Auge
2330 1592 2361 1628 zu
2402 1603 2487 1625 faſſen,

1721 1629 1800 1656 deſſen
1837 1626 1874 1651 die
1910 1628 2075 1652 betreffenden
2107 1628 2230 1658 Pflanzen
2267 1637 2292 1657 zu
2328 1631 2394 1656 ihrer
2427 1634 2476 1656 voll

1851 1662 1996 1695 kommenen
2021 1660 2208 1693 Entwickelung
2235 1668 2284 1689 und
2311 1664 2488 1694 Ausbreitung

1851 1695 1979 1718 bedürfen.
2004 1693 2058 1719 Das
2085 1694 2153 1721 Maß
2175 1697 2271 1728 hierfür
2292 1697 2318 1723 iſt
2341 1698 2414 1723 immer
2449 1702 2489 1723 der

1850 1727 1997 1756 praktiſchen
2023 1727 2174 1757 Erfahrung
2206 1738 2230 1757 zu
2261 1734 2410 1757 entnehmen
2439 1733 2488 1756 und

1851 1761 1913 1786 wird
1942 1761 2094 1796 gewöhnlich
2121 1766 2160 1788 als
2193 1765 2306 1790 Abſtand
2341 1768 2399 1790 oder
2430 1766 2488 1790 auch

1851 1797 1890 1819 als
1912 1795 2073 1824 Pflanzweite
2100 1797 2240 1825 bezeichnet.
2274 1798 2310 1829 In
2332 1798 2419 1826 dieſem
2440 1799 2487 1823 Be—

1849 1831 1925 1855 tracht
1947 1830 2051 1855 weichen
2073 1831 2110 1856 die
2131 1831 2315 1859 verſchiedenen
2337 1833 2416 1859 Arten
2438 1836 2488 1858 und

1855 1863 2005 1892 Spielarten
2031 1869 2071 1890 der
2085 1866 2156 1895 Nutz-
2178 1871 2228 1893 und
2253 1866 2432 1898 Ziergewächſe
2454 1867 2489 1892 oft

1850 1898 1971 1924 erheblich
1993 1906 2041 1924 von
2063 1899 2183 1927 einander
2213 1904 2252 1927 ab.
2296 1901 2425 1928 Während
2450 1905 2491 1927 der

1851 1933 1927 1957 kleine
1942 1933 2063 1959 Erfurter
2078 1935 2188 1962 Wirſing
2204 1937 2248 1961 mit
2265 1937 2344 1961 einem
2361 1935 2490 1961 Abſtande

1850 1973 1899 1991 von
1928 1968 1960 1990 45
1975 1975 2013 1991 em
2045 1969 2170 1996 gepflanzt
2196 1971 2273 1998 wird,
2304 1970 2364 1995 muß
2392 1974 2433 1995 der
2458 1969 2489 1992 de

1856 1999 1956 2024 Vertus
1980 2002 2050 2027 einen
2073 2003 2186 2029 Abſtand
2207 2011 2255 2029 von
2278 2004 2308 2027 75
2323 2012 2362 2027 em
2381 2004 2419 2028 bis
2440 2004 2489 2027 1m

1851 2035 1901 2059 nach
1918 2035 1988 2064 jeder
2032 2037 2077 2061 Seite
2090 2038 2131 2062 hin
2147 2038 2268 2063 erhalten.
2297 2037 2352 2063 Das
2362 2036 2481 2065 Maiſpitz

1852 2070 1921 2094 kraut
1933 2070 1996 2095 wird
2007 2071 2048 2095 50,
2065 2074 2111 2096 das
2125 2071 2348 2101 Braunſchweiger
2359 2073 2441 2096 Kraut
2452 2075 2491 2098 60,

1854 2105 1899 2127 das
1915 2103 2090 2130 Hollaͤndiſche
2105 2107 2174 2130 rothe
2190 2105 2289 2130 70—75
2304 2113 2343 2129 em
2360 2105 2417 2130 weit
2433 2111 2481 2129 aus

1854 2137 1954 2163 einander
1985 2138 2100 2168 geflanzt.
2117 2139 2164 2191 In.
2165 2139 2290 2166 derſelben
2304 2140 2385 2166 Weiſe
2398 2139 2492 2166 müſſen

1852 2172 1889 2198 die
1901 2172 2056 2201 Pflanzſtellen
2057 2174 2129 2200 für
2145 2170 2303 2218 Obſtbäume
2316 2175 2379 2200 mit
2381 2173 2492 2204 Rückſicht

926 2382 1060 2406 wurzelten
1091 2379 1187 2408 Zweige
1218 2381 1316 2403 werden
1350 2383 1391 2402 zur
1421 2375 1607 2407 gewöhnlichen
1637 2378 1689 2403 Ver

926 2414 1059 2445 pflanzzeit
1081 2414 1272 2445 abgeſchnitten.
1450 2443 1479 2447 2
1547 2444 1550 2448 a
1633 2444 1681 2448 225

961 2448 1127 2478 Abmooſen,
1165 2447 1179 2478 ſ.
1210 2445 1356 2476 Ausputzen
1388 2444 1597 2471 hochſtämmiger
1625 2445 1688 2472 Obſt

933 2653 1004 2673 deren
1032 2648 1093 2677 ſtark
1117 2649 1247 2678 veräſtelte
1273 2650 1382 2681 Stengel
1415 2650 1437 2674 in
1465 2649 1546 2674 kurzer
1575 2649 1623 2676 Zeit
1652 2647 1704 2672 eine

930 2684 1004 2709 Höhe
1025 2688 1074 2707 von
1094 2685 1162 2705 5—6
1178 2691 1182 2707 m
1223 2685 1342 2709 erreichen
1364 2688 1414 2710 und
1437 2688 1481 2710 den
1505 2684 1544 2708 ihr
1560 2688 1600 2708 zur
1619 2683 1705 2710 Stütze

931 2717 1072 2747 gegebenen
1094 2716 1257 2746 Gegenſtand
1284 2719 1328 2743 mit
1355 2719 1422 2744 ihrer
1447 2717 1490 2746 tief
1514 2719 1563 2742 und
1586 2723 1635 2741 fein
1660 2723 1703 2741 zer—

932 2750 1034 2775 theilten
1063 2750 1221 2777 Belaubung
1253 2751 1276 2775 in
1310 2756 1350 2776 der
1379 2751 1597 2782 anſprechendſten
1625 2751 1704 2776 Weiſe

931 2785 1088 2812 überziehen.
1119 2791 1170 2809 Die
1184 2786 1296 2820 grünlich
1313 2786 1409 2811 weißen
1427 2788 1541 2812 Blumen
1558 2788 1609 2812 ſind
1627 2787 1693 2810 wohl

933 2819 1050 2843 riechend.
1087 2821 1137 2843 Die
1159 2818 1265 2848 Pflanze
1288 2820 1313 2845 iſt
1337 2821 1449 2848 diöeiſch,
1475 2825 1496 2846 d.
1513 2823 1534 2845 h.
1557 2821 1593 2845 die
1615 2826 1693 2844 männ

1721 1153 1752 1177 A.
1775 1157 1904 1179 fragrans
1927 1156 2010 1179 Nutt.,
2034 1160 2082 1179 von
2105 1157 2145 1179 der
2166 1153 2270 1180 Oſtſeite
2295 1157 2335 1179 der
2357 1153 2474 1184 Felſenge

1720 1187 1801 1219 birge,
1832 1190 1873 1213 hat
1899 1194 1975 1216 große
1999 1191 2097 1214 Dolden
2122 1195 2175 1213 rein
2200 1189 2304 1216 weißer,
2335 1191 2387 1214 ſehr
2408 1189 2484 1213 wohl—

1725 2206 1767 2243 auf
1785 2207 1821 2233 die
1840 2214 1888 2233 von
1910 2211 1984 2234 ihnen
2004 2215 2030 2236 zu
2047 2195 2216 2235 erreichenden
2237 2209 2252 2226 d
2232 2208 2414 2238 Dimenſionen
2437 2215 2484 2233 aus

1725 2244 1816 2273 geſteckt
1843 2245 1940 2268 werden.
1993 2243 2030 2270 So
2052 2243 2144 2269 nimmt
2170 2251 2229 2269 man
2255 2243 2296 2269 für
2316 2242 2437 2270 Kernobſt
2464 2249 2496 2268 an

1730 2276 1844 2302 Straßen
1875 2280 1924 2302 und
1951 2278 1976 2302 in
2006 2278 2193 2304 Baumgärten,
2227 2285 2267 2302 um
2294 2279 2352 2302 auch
2380 2277 2432 2302 hier
2458 2277 2496 2302 ein

1727 2311 1841 2340 Beiſpiel
1867 2311 2036 2337 anzuführen,
2067 2313 2125 2336 nach
2151 2315 2215 2336 allen
2236 2311 2329 2337 Seiten
2356 2311 2398 2336 hin
2425 2312 2495 2336 einen

1727 2344 1841 2370 Abſtand
1867 2352 1915 2370 von
1944 2347 1973 2368 10
1994 2353 2016 2368 m
2039 2353 2083 2372 an,
2115 2346 2139 2370 in
2161 2345 2314 2370 geringerem
2337 2345 2439 2371 Boden,
2472 2346 2495 2372 in

1729 2381 1782 2403 dem
1804 2386 1829 2403 es
1851 2379 1915 2404 ſeine
1935 2380 2091 2404 natürlichen
2109 2378 2289 2405 Dimenſionen
2310 2379 2371 2404 nicht
2387 2381 2495 2409 erreicht,

1729 2413 1786 2436 blos
1807 2415 1875 2435 8—9
1895 2420 1928 2436 m.
1971 2412 2085 2437 Daſſelbe
2111 2415 2157 2437 gilt
2179 2413 2235 2436 auch
2258 2419 2298 2437 für
2328 2413 2495 2440 Süßkirſchen.

1729 2445 1782 2470 Auf
1805 2445 1910 2471 Feldern
1937 2450 1986 2470 und
2011 2446 2119 2473 Triften,
2149 2452 2187 2470 wo
2215 2446 2264 2470 alſo
2291 2450 2347 2472 noch
2373 2454 2416 2474 auf
2444 2449 2498 2473 eine

1730 2480 1821 2503 andere
1837 2480 2038 2509 Bodennutzung
2051 2479 2172 2504 Rückſicht
2189 2486 2214 2504 zu
2230 2484 2336 2506 nehmen
2353 2481 2387 2509 iſt,
2403 2481 2496 2510 pflanzt

1732 2519 1791 2536 man
1822 2515 1867 2536 das
1889 2512 2011 2536 Kernobſt
2040 2514 2067 2535 18
2088 2520 2111 2536 m
2135 2513 2313 2540 auseinander.
2364 2514 2498 2544 Zwetſchen

1731 2548 1781 2570 und
1803 2545 1942 2573 Pflaumen
1968 2545 2017 2574 ſetzt
2044 2552 2103 2570 man
2130 2547 2144 2568 5
2190 2548 2248 2571 —5,75
2270 2556 2292 2572 m
2319 2550 2498 2574 auseinander,

1733 2580 1778 2604 den
1800 2579 2004 2605 Wallnußbaum
2030 2580 2124 2603 12—14
2143 2588 2175 2605 m,
2225 2584 2296 2608 ebenſo
2319 2583 2356 2606 die
2378 2583 2431 2606 edle
2451 2586 2489 2606 Ka

1733 2612 1818 2637 ſtanie.
1871 2612 2062 2638 Sauerkirſchen
2096 2616 2208 2639 erhalten
2239 2617 2281 2642 auf
2311 2616 2419 2642 Feldern
2450 2618 2500 2639 und

1737 2646 1831 2673 Triften
1858 2653 1927 2671 einen
1950 2646 2063 2672 Abſtand
2089 2654 2138 2673 von
2171 2657 2177 2667 8
2199 2658 2234 2674 m,
2266 2657 2296 2674 an
2322 2650 2415 2677 Wegen
2444 2651 2500 2673 blos

1732 2682 1802 2706 einen
1834 2680 1925 2706 ſolchen
1954 2688 2002 2706 von
2038 2682 2042 2703 5
2068 2690 2100 2706 m.
2154 2683 2188 2713 In
2213 2684 2380 2711 Hausgärten
2405 2682 2498 2713 pflanzt

1732 2722 1790 2740 man
1823 2722 1881 2740 gern
1913 2717 2011 2740 Bäume
2045 2722 2089 2740 mit
2119 2717 2250 2742 ſchwacher
2278 2718 2499 2749 Kronenbildung,

1743 2749 1866 2776 zwetſchen
1898 2749 1920 2773 in
1951 2750 2019 2774 einer
2044 2750 2207 2775 Entfernung
2234 2756 2281 2774 von
2315 2751 2366 2776 4,30
2387 2760 2423 2781 m,
2453 2755 2500 2777 alle

1732 2787 1837 2809 übrigen
1856 2783 2141 2814 Obſtbaumgattungen
2164 2789 2207 2809 mit
2232 2788 2283 2809 dem
2302 2789 2434 2813 doppelten
2450 2787 2490 2811 Ab

1732 2823 1808 2843 ſtande,
1847 2825 1869 2841 in
1893 2821 2000 2842 leichtem
2026 2819 2115 2842 Boden
2138 2824 2182 2842 mit
2220 2826 2283 2842 einem
2301 2820 2429 2845 Abſtande
2451 2827 2499 2845 von
