1504 1863
566 207 646 251 87
629 207 646 251 (

215 251 233 293 f
422 249 495 293 blau
514 253 571 292 von
588 250 657 294 Farbe
703 280 708 292 /
717 253 729 294 d

212 291 239 351 ſt
261 250 344 332 pee
417 247 541 346 e
888 318 903 341 e.
1036 323 1038 325 en
1075 291 1110 349 ha
1132 325 1135 339 ⸗

216 339 304 384 ben.
327 334 407 392 Sind
424 338 490 378 alſo
510 334 565 392 von
575 337 682 384 GOtt
686 342 782 391 darzu
796 339 876 392 ſonderlich
1087 334 1136 381 gewacfnet

215 377 288 419 und
289 378 648 435 gerüͤſtet
420 373 437 439 /
447 373 481 439 daß
497 373 536 439 ſie
552 373 591 439 mit
601 373 651 439 ſole
669 381 737 474 1
833 338 1049 439 8
1041 376 1125 426 Koͤr⸗

214 430 260 466 ner
278 430 309 468 zu
312 427 402 468 malmen
450 431 461 477 /
462 427 534 470 und
540 431 684 535 bach
683 444 740 457 gro
775 428 961 509 n
965 423 1123 496 anrichten

214 466 269 513 9
302 464 387 557 00
396 504 424 558 9
450 516 470 558 7
439 470 614 532 edennſolch
677 464 706 491 eſto
750 482 816 512 beſſen
951 517 953 519 f
1080 474 1106 518 di

212 558 300 601 indem
317 558 364 599 die
409 521 576 607 dale
580 532 664 613 dur
741 572 859 613 Schlu
885 534 942 601 din
944 535 1040 603 enen
1048 532 1124 598 wel⸗

212 597 257 652 ten
274 596 389 661 langen
408 597 473 648 Han
557 647 561 653 let
595 606 607 646 /
617 604 634 646 ſo
652 595 709 676 ne
727 636 738 659 zer
794 610 835 650 Gle
832 598 1128 711 ee

568 660 806 695 inteltinumrecte
1045 660 1129 698 7295

310 730 389 782 .,
403 722 512 781 Dee
481 722 516 782 ſo
525 736 638 781 genant

210 720 733 987 5

209 814 368 862 befindet
355 817 438 863 ſichs
433 814 505 866 etwas
523 827 596 862 and

209 866 253 901 der
269 859 351 915 ich
390 826 443 915 wel
519 907 547 914 m

206 914 245 955 grun
295 906 451 948 ſeyn
364 906 380 955 /
388 906 424 955 dee
529 912 534 916 uniſten
567 916 595 951 ab.

209 949 274 994 licht
285 952 293 990 /
300 948 466 996 ſchwartzlicht
540 955 550 972 E.

210 987 284 1057 wis
290 996 428 1064 2
434 998 488 1028 Dn.
496 969 585 1046 off

973 1138 1062 1216 dblet
1064 1078 1118 1205 5

305 1074 640 1214 e
656 1118 728 1190 5
819 1190 838 1205 n
883 1203 885 1208 ihnen
936 1165 954 1212 g

210 1202 280 1250 ben:
293 1200 344 1246 daß
362 1200 418 1246 alſo
431 1204 473 1244 die
476 1192 700 1259 Heuschrecken
701 1204 758 1251 ein
763 1169 812 1257 l
846 1211 913 1251 Hei
894 1169 979 1374 1

208 1250 422 1300 ren
273 1250 285 1305 /
296 1250 422 1300 welches
431 1260 513 1305 aus
537 1260 638 1305 Neuen
644 1250 756 1300 von
727 1250 756 1305 m
1031 1258 1118 1294 onen

208 1299 305 1339 und
321 1291 389 1329 bete
408 1299 474 1339 ren
540 1333 552 1338 beſtehet.
668 1291 727 1339 Doch
759 1291 784 1313 ſe

209 1333 308 1380 mein
330 1344 368 1376 ſten
400 1336 491 1379 arben
509 1319 532 1367 g.
607 1378 612 1385 1

208 1378 312 1424 che
274 1378 313 1432 am
324 1378 545 1423 Haupte
458 1378 475 1432 /
485 1378 545 1423 Bruſt
569 1384 634 1432 und
642 1391 674 1422 Le
693 1378 744 1429 be
771 1399 800 1426 gelbe

206 1425 380 1512 33
392 1423 483 1502 N
482 1419 570 1514 197
573 1389 638 1488 an
656 1467 678 1511 g
740 1376 892 1514 a
813 1438 816 1441 a
869 1464 909 1512 0

251 1478 312 1508 wartz
382 1472 530 1507 braunlicht
675 1472 755 1510 avon
768 1472 815 1512 het
810 1472 866 1505 nach
913 1472 960 1512 ein

207 1512 272 1550 Hie
295 1478 380 1561 dice
394 1474 456 1566 ſind
470 1514 520 1557 bey
533 1524 550 1559 o
599 1476 713 1553 cher
718 1504 782 1566 über
791 1504 828 1566 ein
843 1517 853 1554 /
869 1510 908 1556 nen
887 1406 967 1565 9
996 1419 1117 1556 0

207 1559 253 1631 i
330 1557 360 1606 t
389 1521 499 1610 bunte
527 1554 565 1600 we
588 1520 672 1604 ober
696 1516 816 1612 dunckel
824 1516 863 1612 ge
821 1559 886 1604 gelb
923 1554 958 1638 5
949 1557 1123 1658 e
