1504 1863
212 555 345 592 Das
359 551 660 604 walte
472 551 530 606 der
547 551 657 604 groſſe
690 595 721 602 und
880 595 971 606 Gott.

221 606 398 643 war
409 599 568 642 vielerley
576 600 676 648 Heer
681 597 729 650 hat
745 602 760 647 /
771 609 799 649 ſo
843 647 846 649 Er
878 602 937 640 aus
953 597 1060 650 ſender
1104 634 1117 638 /

293 645 343 670 uns
375 639 440 694 umb
520 643 609 677 unſereĩt
636 639 747 694 Suͤnde
742 639 1110 694 willen
899 639 978 694 heim
988 639 1110 694 zuſu⸗

248 722 484 769 hertzigkeit
500 724 563 768 ſein
585 722 719 778 Abſehen
740 722 836 778 dahin
856 726 1079 778 richtet
996 722 1012 778 /
1106 727 1112 758 uns

298 775 359 811 zur
371 767 514 815 wahren
524 768 627 820 Buſſe
627 778 679 941 5
692 767 899 819 locken;
848 767 907 827 wie
912 769 976 811 Er
986 775 1111 810 denn

298 813 361 854 der
381 808 622 863 Bußfertigen
666 812 797 869 Hertzen
820 821 841 852 ihr
857 812 973 856 Gebet
986 818 1075 860 nicht

296 855 465 941 0
469 862 492 907 h
490 852 546 948 2
586 857 634 944 —
651 854 716 914 eine
727 859 825 946 5
832 864 974 950 51
984 871 1101 909 wen⸗

259 906 409 935 det!
461 907 562 948 Seinem
620 909 749 950 heiligen
776 911 958 943 Nahmen
917 906 980 950 ſey
1056 918 1084 947 Ehr

237 949 282 957 ynd
372 939 428 983 ob
446 951 458 980 /
476 935 525 1004 von
543 935 592 1004 hun
610 935 641 1004 an
664 949 720 994 biß
737 950 767 986 in
792 935 938 1004 Ewigkel
948 905 1084 996 eh

334 1033 430 1069 5
445 1035 581 1118 2
595 1033 677 1092 Aller
683 1033 808 1092 höchſten
819 1034 970 1080 gefallen
964 1033 981 1092 /
984 1038 1025 1071 im
1042 1035 1117 1072 Mo⸗

401 1076 436 1083 Ja
651 1076 710 1117 eſes
719 1077 888 1114 lauffenden
899 1080 949 1118 1693.
968 1078 1117 1118 Jahres
1101 1076 1117 1118 /

541 1126 565 1162 nd
622 1152 627 1163 un
668 1080 1116 1194 d

508 1152 649 1198 ſuchen.
661 1157 762 1192 Weiln
790 1159 854 1195 denn
868 1158 1023 1199 ſolches
981 1152 1019 1207 ein
1032 1166 1116 1207 gantz

543 1199 648 1249 nliches
658 1199 779 1246 Werck
792 1198 932 1245 Gottes
950 1201 1003 1244 iſt
991 1198 1012 1249 /
1013 1208 1115 1243 davon

230 1243 466 1285 cicht
479 1244 568 1292 allein
579 1243 659 1292 ieder
665 1249 709 1282 man
733 1243 811 1292 redet
825 1243 840 1292 /
823 1245 960 1285 ſondern
971 1249 1048 1291 auch
1054 1253 1117 1289 von

210 1291 303 1325 vielen
317 1290 361 1320 ein
365 1287 624 1331 ungegruͤndeter
654 1281 703 1371 wan
732 1285 819 1367 ea
848 1291 866 1299 et
880 1281 897 1343 /
907 1281 1028 1343 hingegen
1048 1295 1117 1339 aber

211 1338 274 1366 von
287 1331 623 1380 andern
413 1329 497 1383 einen
517 1329 709 1382 gründlichen
769 1331 827 1374 Nachricht
889 1338 921 1376 zu
926 1333 1115 1383 haben
1033 1329 1050 1383 /
1059 1329 1115 1383 ver⸗

212 1375 314 1417 langet
324 1374 418 1416 wird;
435 1371 588 1427 hernechſt
598 1371 663 1427 auch
680 1374 752 1416 dieſe
758 1371 906 1427 Geſchutt
917 1382 1002 1425 twohl
1013 1385 1114 1425 wehrt

202 1418 260 1459 iſt/
268 1415 324 1458 daß
330 1415 369 1469 ſſe
373 1415 477 1469 fleißig
496 1418 919 1463 erforſchet
671 1415 726 1469 und
742 1418 919 1463 beschrieben
933 1430 1046 1464 werde
1034 1415 1051 1469 /
1055 1431 1113 1467 das

212 1460 399 1511 Gedaͤchtnis
414 1463 463 1510 der
480 1459 635 1515 goͤtthehen
656 1459 755 1515 Wunder
788 1471 825 1507 zu
835 1467 1051 1515 erhalten
970 1459 982 1515 /
997 1459 1046 1515 und
1062 1476 1113 1511 da⸗

212 1509 278 1541 mit
289 1505 366 1549 nicht
384 1512 445 1542 nur
464 1505 723 1554 denen
560 1505 571 1560 /
587 1505 615 1560 ſo
630 1505 712 1554 anitzo
730 1506 963 1557 leben
820 1505 837 1560 /
847 1506 961 1557 ſondern
975 1516 1049 1560 auch
1062 1521 1113 1556 der

197 1548 375 1594 Nachwelt
381 1558 418 1595 zu
424 1552 544 1598 dienen;
554 1543 693 1639 Zuglach
718 1552 774 1635 le
780 1556 822 1593 die
828 1555 1115 1643 „

739 1610 754 1631 5
1072 1609 1115 1644 ot
