1504 1863
749 194 1025 247 DC
1182 245 1184 247 i

508 236 543 290 F.
569 248 635 282 77.
662 234 725 294 Wil
747 237 822 280 aber
838 234 873 294 ja
895 234 950 294 der
968 238 1071 289 meiſte
1093 234 1179 294 Theil
1191 242 1285 294 nicht

416 300 460 342 zu
474 292 617 342 Hertzen
630 290 884 340 nehmen
777 290 797 342 /
817 290 867 342 was
887 290 927 342 zu
944 290 1072 340 ſeinem
1085 291 1211 342 Friede
1220 298 1284 336 die⸗

417 345 505 388 net
490 340 512 393 /
521 340 555 391 ſo
577 344 670 382 wird
696 341 844 391 dennoch
871 340 993 384 GOtt
1010 341 1161 393 heiligen
1178 343 1284 386 Saa⸗

417 402 496 437 men
515 392 619 443 laſſen
636 390 801 432 uͤberbleiben
851 398 871 438 /
889 398 959 434 und
973 392 1047 442 hier
1063 400 1136 437 und
1154 400 1217 439 dar
1236 404 1282 438 et⸗

417 451 474 488 wa
486 444 612 492 zehen
591 441 608 496 /
625 442 661 490 ja
674 441 768 491 ſeine
820 448 861 483 funf
878 444 1046 493 tauſend
1022 441 1038 496 /
1052 442 1157 493 uͤbrig
1171 448 1286 496 behal⸗

419 502 478 536 ten
494 496 515 540 /
533 498 631 535 derer
649 492 778 536 Mund
803 498 864 533 der
881 494 1051 544 Epieurer
1067 499 1140 538 und
1164 496 1287 547 ſichern

419 544 562 593 Hertzen
573 544 677 586 Baal
690 544 783 593 nicht
797 543 933 593 kuͤſſen
923 543 940 600 /
944 545 1088 592 ſondern
1099 551 1171 590 dem
1188 548 1286 600 wah⸗

419 604 483 643 ren
509 593 634 637 GOtt
652 593 807 643 Iſraelis
832 597 897 637 mit
923 597 1045 638 reinen
1061 595 1199 645 Hertzen
1220 605 1284 643 die⸗

420 653 514 692 nen
496 644 518 700 /
533 648 605 697 und
624 653 669 699 zu
681 644 770 696 Ihm
789 644 943 698 ſchreyen
963 648 1048 698 Tag
1064 651 1135 689 und
1157 649 1286 700 Nacht.

420 696 522 740 Das
540 700 630 738 wird
651 702 744 739 denn
765 697 852 747 auch
873 698 968 751 nicht
983 698 1169 751 vergeblich
1191 699 1285 751 ſeyn
1269 696 1285 751 /

420 747 566 799 ſondern
579 752 638 789 der
650 746 762 796 HErr
773 746 858 805 wird
873 746 947 805 uͤmb
973 750 1070 805 ihren
1089 751 1204 793 willen
1224 756 1282 793 der

419 808 522 869 boͤſen
538 807 636 851 Welt
670 817 755 863 gutes
769 810 891 868 thun
864 800 884 869 /
906 800 959 864 ſie
979 802 1072 857 aber
1098 806 1287 866 erretten
1268 800 1287 869 /

418 870 465 912 in
478 869 589 922 einer
675 862 777 926 Kuͤrtze
774 862 801 930 /
786 868 1026 930 amen.

495 919 529 972 F.
543 930 617 979 78.
663 922 866 976 Schluͤßlich
879 925 939 978 ſoll
950 933 1019 969 das
1031 928 1137 976 aller
1120 919 1137 979 /
1151 931 1203 971 die
1221 933 1284 972 die⸗

408 971 475 1024 ſes
495 973 582 1022 leſen
602 979 763 1022 werden
739 971 762 1028 /
782 976 840 1026 ihr
851 977 1042 1027 hertzlicher
1053 980 1223 1027 Seuffzer
1241 989 1286 1028 zu

422 1025 450 1063 G
466 1023 544 1064 Ott
556 1029 631 1063 dem
642 1025 903 1072 barmhertzigen
920 1028 1146 1078 himmliſchen
1165 1028 1286 1072 Vater

421 1072 528 1123 ſeyn
513 1072 529 1128 /
542 1072 611 1121 daß
627 1081 665 1113 er
683 1073 760 1124 doch
779 1072 843 1124 bey
857 1074 980 1128 Zeiten
995 1082 1060 1119 den
1076 1076 1229 1128 Kriegen
1245 1085 1284 1122 in

420 1125 503 1167 aller
518 1124 617 1168 Welt
631 1124 866 1174 ſteuren
773 1124 790 1181 /
806 1124 861 1181 und
882 1128 974 1170 allen
993 1126 1193 1181 verkehrten
1214 1137 1285 1174 und

423 1175 543 1235 Blut
531 1175 747 1238 ⸗triefenden
774 1175 987 1238 Anſchlaͤgen
1006 1180 1145 1230 wehren
1169 1183 1285 1229 wolle
1276 1175 1285 1238 /

421 1226 606 1304 damit
571 1226 608 1304 in
629 1227 729 1296 unſer
739 1236 784 1277 in
798 1226 914 1304 Lande
937 1227 1033 1289 Ehre
1047 1226 1163 1304 wohne
1187 1244 1197 1289 /
1206 1236 1284 1295 daß

424 1289 545 1362 Gute
565 1291 638 1362 und
662 1290 776 1344 Treue
796 1291 981 1364 einander
994 1293 1285 1373 begegnen
1187 1289 1205 1373 /
1220 1289 1285 1373 Ge⸗

424 1353 648 1415 kechtigkeit
669 1356 738 1405 und
744 1353 889 1423 Friede
904 1352 970 1425 ſich
985 1359 1126 1419 kuͤſen.
1180 1361 1285 1419 Daß

406 1416 561 1491 Treue
568 1418 647 1480 auf
660 1419 719 1490 der
721 1417 864 1494 Erden
875 1421 1284 1494 wachſe
1025 1416 1040 1494 /
1061 1416 1119 1494 vnd
1140 1421 1284 1494 Gerech⸗

405 1482 1015 1550 tigkeit
587 1482 668 1551 vom
694 1482 855 1550 Himmel
1039 1525 1052 1534 ſchaue.
1061 1488 1184 1551 Daß
1194 1492 1277 1545 uns

1234 1559 1285 1591 der
