1280 2091
576 181 692 220 97
324 289 629 340 Grune Ukraine,
323 338 721 392 Du biſt jetzt verlaſſen
322 390 765 442 Einſam, einſam, einſam
322 440 816 488 Seit der Tartar kommt —
323 490 747 545 Ach, ihr freien Pferde,
323 542 715 594 Und ihr freien Polen!
227 650 1064 708 Jch hatte vorher nicht weinen konnen, obwohl
163 718 217 771 ich
228 715 1064 773 mein Liebſtes verloren hatte, jetzt rannten mir
163 780 1064 837 die Thränen ſtromweis über das Geſicht, ich wen—
163 846 1064 903 dete den Kopf meines Pferdes wieder herum nach
163 909 1064 968 Volhynien zu, von wo ich gekommen war, um
163 973 1064 1031 mein Mädchen zu ſuchen. Das Thier eilte raſtlos
163 1038 1064 1095 nach der Heimath, und als beim Anbruch des
163 1101 1064 1161 Morgens eins jener ſchlanken Steppenroſſe wiehernd
163 1167 1064 1225 und wild an mir vorüberflog, da ſah ich ſchon von
163 1231 1064 1289 Weitem die ewigen hohen Wälder, in welchen meine
163 1297 817 1354 Heimath liegt.
185 1358 980 1417 Dort zwiſchen den alten Bäumen, auf
995 1364 1064 1411 den
163 1426 322 1479 feuchten,
330 1425 1064 1481 mit hohem Gras bewachſenen Wieſen war
163 1489 974 1549 ich groß geworden, hatte den Wolf gejagt,
990 1495 1064 1541 und
163 1553 1064 1613 das muntre Pferd getummelt. Mein Vater war
163 1618 1064 1678 ein reicher Gutsbeſitzer, und ich war das Einzige
163 1682 1064 1741 auf der Welt, an dem er noch Freude hatte, ſeit
189 1756 850 1795 JV. 5
