<?xml version="1.0" encoding="UTF-8"?>
<pc:PcGts xmlns:pc="http://schema.primaresearch.org/PAGE/gts/pagecontent/2019-07-15" xmlns:xsi="http://www.w3.org/2001/XMLSchema-instance" xsi:schemaLocation="http://schema.primaresearch.org/PAGE/gts/pagecontent/2019-07-15 http://schema.primaresearch.org/PAGE/gts/pagecontent/2019-07-15/pagecontent.xsd" pcGtsId="OCR-D-OCR_0003">
    <pc:Metadata>
        <pc:Creator>OCR-D/core 2.71.0</pc:Creator>
        <pc:Created>2025-04-10T09:20:46.079499</pc:Created>
        <pc:LastChange>2025-04-10T09:20:46.079499</pc:LastChange>
        <pc:MetadataItem type="processingStep" name="layout/segmentation/region" value="ocrd-tesserocr-recognize">
            <pc:Labels externalModel="ocrd-tool" externalId="parameters">
                <pc:Label value="region" type="segmentation_level"/>
                <pc:Label value="word" type="textequiv_level"/>
                <pc:Label value="True" type="find_tables"/>
                <pc:Label value="german_print" type="model"/>
                <pc:Label value="0" type="dpi"/>
                <pc:Label value="0" type="padding"/>
                <pc:Label value="False" type="overwrite_segments"/>
                <pc:Label value="True" type="overwrite_text"/>
                <pc:Label value="False" type="shrink_polygons"/>
                <pc:Label value="False" type="block_polygons"/>
                <pc:Label value="False" type="find_staves"/>
                <pc:Label value="False" type="sparse_text"/>
                <pc:Label value="False" type="raw_lines"/>
                <pc:Label value="" type="char_whitelist"/>
                <pc:Label value="" type="char_blacklist"/>
                <pc:Label value="" type="char_unblacklist"/>
                <pc:Label value="{}" type="tesseract_parameters"/>
                <pc:Label value="{}" type="xpath_parameters"/>
                <pc:Label value="{}" type="xpath_model"/>
                <pc:Label value="False" type="auto_model"/>
                <pc:Label value="DEFAULT" type="oem"/>
            </pc:Labels>
            <pc:Labels externalModel="ocrd-tool" externalId="version">
                <pc:Label value="0.19.1 (tesseract 5.4.1)" type="ocrd-tesserocr-recognize"/>
                <pc:Label value="2.71.0" type="ocrd/core"/>
            </pc:Labels>
        </pc:MetadataItem>
    </pc:Metadata>
    <pc:Page imageFilename="GT-PAGE/dannhauer_catechismus10_1673_0113.tif" imageWidth="2293" imageHeight="3120">
        <pc:AlternativeImage filename="OCR-D-OCR/OCR-D-OCR_0003.IMG-BIN.png" comments=",binarized,clipped"/>
        <pc:ReadingOrder>
            <pc:OrderedGroup id="reading-order">
                <pc:RegionRefIndexed index="0" regionRef="region0000"/>
                <pc:RegionRefIndexed index="2" regionRef="region0002"/>
                <pc:RegionRefIndexed index="3" regionRef="region0003"/>
                <pc:RegionRefIndexed index="6" regionRef="region0006"/>
                <pc:RegionRefIndexed index="7" regionRef="region0007"/>
                <pc:RegionRefIndexed index="8" regionRef="region0008"/>
                <pc:RegionRefIndexed index="15" regionRef="region0015"/>
                <pc:RegionRefIndexed index="16" regionRef="region0016"/>
            </pc:OrderedGroup>
        </pc:ReadingOrder>
        <pc:TextRegion id="region0002" orientation="0.035025076661697" readingDirection="left-to-right" textLineOrder="top-to-bottom">
            <pc:Coords points="562,272 1093,272 1093,331 562,331"/>
            <pc:TextLine id="region0002_line0000">
                <pc:Coords points="562,272 1093,272 1093,331 562,331"/>
                <pc:Word id="region0002_line0000_word0000">
                    <pc:Coords points="562,273 687,273 687,324 562,324"/>
                    <pc:TextEquiv conf="0.930438613891602">
                        <pc:Unicode>Vom</pc:Unicode>
                    </pc:TextEquiv>
                </pc:Word>
                <pc:Word id="region0002_line0000_word0001">
                    <pc:Coords points="702,276 931,276 931,331 702,331"/>
                    <pc:TextEquiv conf="0.928864822387695">
                        <pc:Unicode>verlohrnen</pc:Unicode>
                    </pc:TextEquiv>
                </pc:Word>
                <pc:Word id="region0002_line0000_word0002">
                    <pc:Coords points="946,272 1093,272 1093,328 946,328"/>
                    <pc:TextEquiv conf="0.911753540039063">
                        <pc:Unicode>Sohn.</pc:Unicode>
                    </pc:TextEquiv>
                </pc:Word>
                <pc:TextEquiv conf="0.923685658772786">
                    <pc:Unicode>Vom verlohrnen Sohn.</pc:Unicode>
                </pc:TextEquiv>
            </pc:TextLine>
            <pc:TextEquiv conf="0.923685658772786">
                <pc:Unicode>Vom verlohrnen Sohn.</pc:Unicode>
            </pc:TextEquiv>
        </pc:TextRegion>
        <pc:TextRegion id="region0003" orientation="0.035025076661697" readingDirection="left-to-right" textLineOrder="top-to-bottom">
            <pc:Coords points="297,357 1478,357 1478,448 297,448"/>
            <pc:TextLine id="region0003_line0000">
                <pc:Coords points="297,357 1478,357 1478,409 297,409"/>
                <pc:Word id="region0003_line0000_word0000">
                    <pc:Coords points="297,371 325,371 325,398 297,398"/>
                    <pc:TextEquiv conf="0.916600189208984">
                        <pc:Unicode>in</pc:Unicode>
                    </pc:TextEquiv>
                </pc:Word>
                <pc:Word id="region0003_line0000_word0001">
                    <pc:Coords points="341,365 451,365 451,409 341,409"/>
                    <pc:TextEquiv conf="0.709485626220703">
                        <pc:Unicode>ſignum</pc:Unicode>
                    </pc:TextEquiv>
                </pc:Word>
                <pc:Word id="region0003_line0000_word0002">
                    <pc:Coords points="468,365 598,365 598,397 468,397"/>
                    <pc:TextEquiv conf="0.">
                        <pc:Unicode>Iuſtitig,</pc:Unicode>
                    </pc:TextEquiv>
                </pc:Word>
                <pc:Word id="region0003_line0000_word0003">
                    <pc:Coords points="624,375 682,375 682,393 624,393"/>
                    <pc:TextEquiv conf="0.930075912475586">
                        <pc:Unicode>non</pc:Unicode>
                    </pc:TextEquiv>
                </pc:Word>
                <pc:Word id="region0003_line0000_word0004">
                    <pc:Coords points="699,366 727,366 727,393 699,393"/>
                    <pc:TextEquiv conf="0.889573287963867">
                        <pc:Unicode>in</pc:Unicode>
                    </pc:TextEquiv>
                </pc:Word>
                <pc:Word id="region0003_line0000_word0005">
                    <pc:Coords points="745,362 859,362 859,393 745,393"/>
                    <pc:TextEquiv conf="0.927472763061523">
                        <pc:Unicode>cauſam</pc:Unicode>
                    </pc:TextEquiv>
                </pc:Word>
                <pc:Word id="region0003_line0000_word0006">
                    <pc:Coords points="874,359 1108,359 1108,402 874,402"/>
                    <pc:TextEquiv conf="0.827134780883789">
                        <pc:Unicode>juſtificationis:</pc:Unicode>
                    </pc:TextEquiv>
                </pc:Word>
                <pc:Word id="region0003_line0000_word0007">
                    <pc:Coords points="1127,364 1167,364 1167,391 1127,391"/>
                    <pc:TextEquiv conf="0.830890884399414">
                        <pc:Unicode>ita</pc:Unicode>
                    </pc:TextEquiv>
                </pc:Word>
                <pc:Word id="region0003_line0000_word0008">
                    <pc:Coords points="1177,357 1316,357 1316,390 1177,390"/>
                    <pc:TextEquiv conf="0.897066497802734">
                        <pc:Unicode>confeſſio</pc:Unicode>
                    </pc:TextEquiv>
                </pc:Word>
                <pc:Word id="region0003_line0000_word0009">
                    <pc:Coords points="1330,357 1478,357 1478,390 1330,390"/>
                    <pc:TextEquiv conf="0.918216400146484">
                        <pc:Unicode>Sacerdoti</pc:Unicode>
                    </pc:TextEquiv>
                </pc:Word>
                <pc:TextEquiv conf="0.884651634216309">
                    <pc:Unicode>in ſignum Iuſtitig, non in cauſam juſtificationis: ita confeſſio Sacerdoti</pc:Unicode>
                </pc:TextEquiv>
            </pc:TextLine>
            <pc:TextLine id="region0003_line0001">
                <pc:Coords points="297,400 1431,400 1431,448 297,448"/>
                <pc:Word id="region0003_line0001_word0000">
                    <pc:Coords points="297,409 419,409 419,439 297,439"/>
                    <pc:TextEquiv conf="0.757341003417969">
                        <pc:Unicode>oſtertur</pc:Unicode>
                    </pc:TextEquiv>
                </pc:Word>
                <pc:Word id="region0003_line0001_word0001">
                    <pc:Coords points="431,418 461,418 461,436 431,436"/>
                    <pc:TextEquiv conf="0.922803039550781">
                        <pc:Unicode>in</pc:Unicode>
                    </pc:TextEquiv>
                </pc:Word>
                <pc:Word id="region0003_line0001_word0002">
                    <pc:Coords points="470,408 578,408 578,448 470,448"/>
                    <pc:TextEquiv conf="0.409797477722168">
                        <pc:Unicode>ſiguum</pc:Unicode>
                    </pc:TextEquiv>
                </pc:Word>
                <pc:Word id="region0003_line0001_word0003">
                    <pc:Coords points="589,409 678,409 678,436 589,436"/>
                    <pc:TextEquiv conf="0.833514633178711">
                        <pc:Unicode>veniæ</pc:Unicode>
                    </pc:TextEquiv>
                </pc:Word>
                <pc:Word id="region0003_line0001_word0004">
                    <pc:Coords points="687,413 820,413 820,446 687,446"/>
                    <pc:TextEquiv conf="0.881277618408203">
                        <pc:Unicode>acceptæ,</pc:Unicode>
                    </pc:TextEquiv>
                </pc:Word>
                <pc:Word id="region0003_line0001_word0005">
                    <pc:Coords points="829,415 888,415 888,434 829,434"/>
                    <pc:TextEquiv conf="0.900329818725586">
                        <pc:Unicode>non</pc:Unicode>
                    </pc:TextEquiv>
                </pc:Word>
                <pc:Word id="region0003_line0001_word0006">
                    <pc:Coords points="898,406 927,406 927,434 898,434"/>
                    <pc:TextEquiv conf="0.865440826416016">
                        <pc:Unicode>in</pc:Unicode>
                    </pc:TextEquiv>
                </pc:Word>
                <pc:Word id="region0003_line0001_word0007">
                    <pc:Coords points="936,402 1054,402 1054,433 936,433"/>
                    <pc:TextEquiv conf="0.906477966308594">
                        <pc:Unicode>cauſam</pc:Unicode>
                    </pc:TextEquiv>
                </pc:Word>
                <pc:Word id="region0003_line0001_word0008">
                    <pc:Coords points="1066,400 1238,400 1238,433 1066,433"/>
                    <pc:TextEquiv conf="0.900380630493164">
                        <pc:Unicode>temiſſionis</pc:Unicode>
                    </pc:TextEquiv>
                </pc:Word>
                <pc:Word id="region0003_line0001_word0009">
                    <pc:Coords points="1248,400 1431,400 1431,441 1248,441"/>
                    <pc:TextEquiv conf="0.451995658874512">
                        <pc:Unicode>accipiendæ,</pc:Unicode>
                    </pc:TextEquiv>
                </pc:Word>
                <pc:TextEquiv conf="0.78293586730957">
                    <pc:Unicode>oſtertur in ſiguum veniæ acceptæ, non in cauſam temiſſionis accipiendæ,</pc:Unicode>
                </pc:TextEquiv>
            </pc:TextLine>
            <pc:TextEquiv conf="0.833793750762939">
                <pc:Unicode>in ſignum Iuſtitig, non in cauſam juſtificationis: ita confeſſio Sacerdoti
oſtertur in ſiguum veniæ acceptæ, non in cauſam temiſſionis accipiendæ,</pc:Unicode>
            </pc:TextEquiv>
        </pc:TextRegion>
        <pc:TextRegion id="region0006" orientation="0.035025076661697" readingDirection="left-to-right" textLineOrder="top-to-bottom">
            <pc:Coords points="80,486 1479,486 1479,1571 80,1571"/>
            <pc:TextLine id="region0006_line0000">
                <pc:Coords points="295,486 1472,486 1472,555 295,555"/>
                <pc:Word id="region0006_line0000_word0000">
                    <pc:Coords points="295,497 388,497 388,548 295,548"/>
                    <pc:TextEquiv conf="0.52263988494873">
                        <pc:Unicode>Laſſet</pc:Unicode>
                    </pc:TextEquiv>
                </pc:Word>
                <pc:Word id="region0006_line0000_word0001">
                    <pc:Coords points="401,506 472,506 472,555 401,555"/>
                    <pc:TextEquiv conf="0.878864669799805">
                        <pc:Unicode>uns</pc:Unicode>
                    </pc:TextEquiv>
                </pc:Word>
                <pc:Word id="region0006_line0000_word0002">
                    <pc:Coords points="489,496 596,496 596,546 489,546"/>
                    <pc:TextEquiv conf="0.926169281005859">
                        <pc:Unicode>unſere</pc:Unicode>
                    </pc:TextEquiv>
                </pc:Word>
                <pc:Word id="region0006_line0000_word0003">
                    <pc:Coords points="617,491 774,491 774,537 617,537"/>
                    <pc:TextEquiv conf="0.796980895996094">
                        <pc:Unicode>Suͤnden</pc:Unicode>
                    </pc:TextEquiv>
                </pc:Word>
                <pc:Word id="region0006_line0000_word0004">
                    <pc:Coords points="792,496 875,496 875,538 792,538"/>
                    <pc:TextEquiv conf="0.883772811889648">
                        <pc:Unicode>recht</pc:Unicode>
                    </pc:TextEquiv>
                </pc:Word>
                <pc:Word id="region0006_line0000_word0005">
                    <pc:Coords points="896,496 1066,496 1066,536 896,536"/>
                    <pc:TextEquiv conf="0.806396865844727">
                        <pc:Unicode>erkennen</pc:Unicode>
                    </pc:TextEquiv>
                </pc:Word>
                <pc:Word id="region0006_line0000_word0006">
                    <pc:Coords points="1074,486 1061,486 1061,555 1074,555"/>
                    <pc:TextEquiv conf="0.806396865844727">
                        <pc:Unicode>/</pc:Unicode>
                    </pc:TextEquiv>
                </pc:Word>
                <pc:Word id="region0006_line0000_word0007">
                    <pc:Coords points="1087,498 1156,498 1156,535 1087,535"/>
                    <pc:TextEquiv conf="0.912728576660156">
                        <pc:Unicode>und</pc:Unicode>
                    </pc:TextEquiv>
                </pc:Word>
                <pc:Word id="region0006_line0000_word0008">
                    <pc:Coords points="1175,486 1233,486 1233,542 1175,542"/>
                    <pc:TextEquiv conf="0.559868240356445">
                        <pc:Unicode>ſur</pc:Unicode>
                    </pc:TextEquiv>
                </pc:Word>
                <pc:Word id="region0006_line0000_word0009">
                    <pc:Coords points="1245,492 1358,492 1358,534 1245,534"/>
                    <pc:TextEquiv conf="0.475821685791016">
                        <pc:Unicode>Gozz</pc:Unicode>
                    </pc:TextEquiv>
                </pc:Word>
                <pc:Word id="region0006_line0000_word0010">
                    <pc:Coords points="1377,490 1472,490 1472,537 1377,537"/>
                    <pc:TextEquiv conf="0.909465408325195">
                        <pc:Unicode>unſer</pc:Unicode>
                    </pc:TextEquiv>
                </pc:Word>
                <pc:TextEquiv conf="0.770827744223855">
                    <pc:Unicode>Laſſet uns unſere Suͤnden recht erkennen / und ſur Gozz unſer</pc:Unicode>
                </pc:TextEquiv>
            </pc:TextLine>
            <pc:TextLine id="region0006_line0001">
                <pc:Coords points="80,545 1472,545 1472,602 80,602"/>
                <pc:Word id="region0006_line0001_word0000">
                    <pc:Coords points="80,555 266,555 266,602 80,602"/>
                    <pc:TextEquiv conf="0.714463806152344">
                        <pc:Unicode>Hertz</pc:Unicode>
                    </pc:TextEquiv>
                </pc:Word>
                <pc:Word id="region0006_line0001_word0001">
                    <pc:Coords points="277,553 499,553 499,599 277,599"/>
                    <pc:TextEquiv conf="0.43075756072998">
                        <pc:Unicode>außſchuͤtten</pc:Unicode>
                    </pc:TextEquiv>
                </pc:Word>
                <pc:Word id="region0006_line0001_word0002">
                    <pc:Coords points="504,545 493,545 493,602 504,602"/>
                    <pc:TextEquiv conf="0.47895565032959">
                        <pc:Unicode>/</pc:Unicode>
                    </pc:TextEquiv>
                </pc:Word>
                <pc:Word id="region0006_line0001_word0003">
                    <pc:Coords points="510,550 537,550 537,594 510,594"/>
                    <pc:TextEquiv conf="0.831609115600586">
                        <pc:Unicode>ſo</pc:Unicode>
                    </pc:TextEquiv>
                </pc:Word>
                <pc:Word id="region0006_line0001_word0004">
                    <pc:Coords points="552,554 632,554 632,588 552,588"/>
                    <pc:TextEquiv conf="0.71939582824707">
                        <pc:Unicode>wird</pc:Unicode>
                    </pc:TextEquiv>
                </pc:Word>
                <pc:Word id="region0006_line0001_word0005">
                    <pc:Coords points="642,561 710,561 710,587 642,587"/>
                    <pc:TextEquiv conf="0.71939582824707">
                        <pc:Unicode>uns</pc:Unicode>
                    </pc:TextEquiv>
                </pc:Word>
                <pc:Word id="region0006_line0001_word0006">
                    <pc:Coords points="720,549 843,549 843,588 720,588"/>
                    <pc:TextEquiv conf="0.92946891784668">
                        <pc:Unicode>Gnade</pc:Unicode>
                    </pc:TextEquiv>
                </pc:Word>
                <pc:Word id="region0006_line0001_word0007">
                    <pc:Coords points="855,549 1096,549 1096,597 855,597"/>
                    <pc:TextEquiv conf="0.845879669189453">
                        <pc:Unicode>wiederfahren.</pc:Unicode>
                    </pc:TextEquiv>
                </pc:Word>
                <pc:Word id="region0006_line0001_word0008">
                    <pc:Coords points="1107,546 1208,546 1208,586 1107,586"/>
                    <pc:TextEquiv conf="0.845879669189453">
                        <pc:Unicode>Was</pc:Unicode>
                    </pc:TextEquiv>
                </pc:Word>
                <pc:Word id="region0006_line0001_word0009">
                    <pc:Coords points="1218,548 1251,548 1251,593 1218,593"/>
                    <pc:TextEquiv conf="0.919783325195312">
                        <pc:Unicode>iſt</pc:Unicode>
                    </pc:TextEquiv>
                </pc:Word>
                <pc:Word id="region0006_line0001_word0010">
                    <pc:Coords points="1260,547 1346,547 1346,594 1260,594"/>
                    <pc:TextEquiv conf="0.862929763793945">
                        <pc:Unicode>wohl</pc:Unicode>
                    </pc:TextEquiv>
                </pc:Word>
                <pc:Word id="region0006_line0001_word0011">
                    <pc:Coords points="1356,545 1472,545 1472,583 1356,583"/>
                    <pc:TextEquiv conf="0.">
                        <pc:Unicode>dier⸗</pc:Unicode>
                    </pc:TextEquiv>
                </pc:Word>
                <pc:TextEquiv conf="0.774876594543457">
                    <pc:Unicode>Hertz außſchuͤtten / ſo wird uns Gnade wiederfahren. Was iſt wohl dier⸗</pc:Unicode>
                </pc:TextEquiv>
            </pc:TextLine>
            <pc:TextLine id="region0006_line0002">
                <pc:Coords points="81,592 1470,592 1470,655 81,655"/>
                <pc:Word id="region0006_line0002_word0000">
                    <pc:Coords points="81,607 245,607 245,655 81,655"/>
                    <pc:TextEquiv conf="0.071577301025391">
                        <pc:Unicode>ſſſach</pc:Unicode>
                    </pc:TextEquiv>
                </pc:Word>
                <pc:Word id="region0006_line0002_word0001">
                    <pc:Coords points="264,606 291,606 291,651 264,651"/>
                    <pc:TextEquiv conf="0.750204620361328">
                        <pc:Unicode>ſo</pc:Unicode>
                    </pc:TextEquiv>
                </pc:Word>
                <pc:Word id="region0006_line0002_word0002">
                    <pc:Coords points="309,605 402,605 402,643 309,643"/>
                    <pc:TextEquiv conf="0.874292449951172">
                        <pc:Unicode>vieler</pc:Unicode>
                    </pc:TextEquiv>
                </pc:Word>
                <pc:Word id="region0006_line0002_word0003">
                    <pc:Coords points="424,596 620,596 620,649 424,649"/>
                    <pc:TextEquiv conf="0.702978134155273">
                        <pc:Unicode>ſchuͤchtern</pc:Unicode>
                    </pc:TextEquiv>
                </pc:Word>
                <pc:Word id="region0006_line0002_word0004">
                    <pc:Coords points="628,592 615,592 615,655 628,655"/>
                    <pc:TextEquiv conf="0.731522369384766">
                        <pc:Unicode>/</pc:Unicode>
                    </pc:TextEquiv>
                </pc:Word>
                <pc:Word id="region0006_line0002_word0005">
                    <pc:Coords points="643,600 879,600 879,648 643,648"/>
                    <pc:TextEquiv conf="0.917004470825195">
                        <pc:Unicode>erſchrockenen</pc:Unicode>
                    </pc:TextEquiv>
                </pc:Word>
                <pc:Word id="region0006_line0002_word0006">
                    <pc:Coords points="899,604 968,604 968,638 899,638"/>
                    <pc:TextEquiv conf="0.917004470825195">
                        <pc:Unicode>und</pc:Unicode>
                    </pc:TextEquiv>
                </pc:Word>
                <pc:Word id="region0006_line0002_word0007">
                    <pc:Coords points="987,598 1172,598 1172,646 987,646"/>
                    <pc:TextEquiv conf="0.924695053100586">
                        <pc:Unicode>zaghafften</pc:Unicode>
                    </pc:TextEquiv>
                </pc:Word>
                <pc:Word id="region0006_line0002_word0008">
                    <pc:Coords points="1194,592 1393,592 1393,644 1194,644"/>
                    <pc:TextEquiv conf="0.854244537353516">
                        <pc:Unicode>Gemuͤhter</pc:Unicode>
                    </pc:TextEquiv>
                </pc:Word>
                <pc:Word id="region0006_line0002_word0009">
                    <pc:Coords points="1403,592 1390,592 1390,655 1403,655"/>
                    <pc:TextEquiv conf="0.854244537353516">
                        <pc:Unicode>/</pc:Unicode>
                    </pc:TextEquiv>
                </pc:Word>
                <pc:Word id="region0006_line0002_word0010">
                    <pc:Coords points="1413,598 1470,598 1470,634 1413,634"/>
                    <pc:TextEquiv conf="0.92441535949707">
                        <pc:Unicode>als</pc:Unicode>
                    </pc:TextEquiv>
                </pc:Word>
                <pc:TextEquiv conf="0.774743936712092">
                    <pc:Unicode>ſſſach ſo vieler ſchuͤchtern / erſchrockenen und zaghafften Gemuͤhter / als</pc:Unicode>
                </pc:TextEquiv>
            </pc:TextLine>
            <pc:TextLine id="region0006_line0003">
                <pc:Coords points="174,646 1470,646 1470,707 174,707"/>
                <pc:Word id="region0006_line0003_word0000">
                    <pc:Coords points="174,656 323,656 323,700 174,700"/>
                    <pc:TextEquiv conf="0.668064422607422">
                        <pc:Unicode>vielleicht</pc:Unicode>
                    </pc:TextEquiv>
                </pc:Word>
                <pc:Word id="region0006_line0003_word0001">
                    <pc:Coords points="335,655 408,655 408,707 335,707"/>
                    <pc:TextEquiv conf="0.914338760375977">
                        <pc:Unicode>eben</pc:Unicode>
                    </pc:TextEquiv>
                </pc:Word>
                <pc:Word id="region0006_line0003_word0002">
                    <pc:Coords points="421,653 509,653 509,700 421,700"/>
                    <pc:TextEquiv conf="0.709628982543945">
                        <pc:Unicode>dieſe/</pc:Unicode>
                    </pc:TextEquiv>
                </pc:Word>
                <pc:Word id="region0006_line0003_word0003">
                    <pc:Coords points="522,654 592,654 592,690 522,690"/>
                    <pc:TextEquiv conf="0.709628982543945">
                        <pc:Unicode>weil</pc:Unicode>
                    </pc:TextEquiv>
                </pc:Word>
                <pc:Word id="region0006_line0003_word0004">
                    <pc:Coords points="612,655 767,655 767,690 612,690"/>
                    <pc:TextEquiv conf="0.928442840576172">
                        <pc:Unicode>niemand</pc:Unicode>
                    </pc:TextEquiv>
                </pc:Word>
                <pc:Word id="region0006_line0003_word0005">
                    <pc:Coords points="780,652 865,652 865,693 780,693"/>
                    <pc:TextEquiv conf="0.924662322998047">
                        <pc:Unicode>nicht</pc:Unicode>
                    </pc:TextEquiv>
                </pc:Word>
                <pc:Word id="region0006_line0003_word0006">
                    <pc:Coords points="878,703 1008,703 1008,646 878,646"/>
                    <pc:TextEquiv conf="0.908289566040039">
                        <pc:Unicode>einmahl</pc:Unicode>
                    </pc:TextEquiv>
                </pc:Word>
                <pc:Word id="region0006_line0003_word0007">
                    <pc:Coords points="1031,703 1144,703 1144,646 1031,646"/>
                    <pc:TextEquiv conf="0.908289566040039">
                        <pc:Unicode>redlich</pc:Unicode>
                    </pc:TextEquiv>
                </pc:Word>
                <pc:Word id="region0006_line0003_word0008">
                    <pc:Coords points="1156,650 1298,650 1298,688 1156,688"/>
                    <pc:TextEquiv conf="0.689782638549805">
                        <pc:Unicode>beichtet</pc:Unicode>
                    </pc:TextEquiv>
                </pc:Word>
                <pc:Word id="region0006_line0003_word0009">
                    <pc:Coords points="1295,703 1312,703 1312,646 1295,646"/>
                    <pc:TextEquiv conf="0.689782638549805">
                        <pc:Unicode>/</pc:Unicode>
                    </pc:TextEquiv>
                </pc:Word>
                <pc:Word id="region0006_line0003_word0010">
                    <pc:Coords points="1310,652 1378,652 1378,687 1310,687"/>
                    <pc:TextEquiv conf="0.930931930541992">
                        <pc:Unicode>und</pc:Unicode>
                    </pc:TextEquiv>
                </pc:Word>
                <pc:Word id="region0006_line0003_word0011">
                    <pc:Coords points="1390,646 1470,646 1470,696 1390,696"/>
                    <pc:TextEquiv conf="0.924363708496094">
                        <pc:Unicode>ſeine</pc:Unicode>
                    </pc:TextEquiv>
                </pc:Word>
                <pc:TextEquiv conf="0.825517196655273">
                    <pc:Unicode>vielleicht eben dieſe/ weil niemand nicht einmahl redlich beichtet / und ſeine</pc:Unicode>
                </pc:TextEquiv>
            </pc:TextLine>
            <pc:TextLine id="region0006_line0004">
                <pc:Coords points="178,699 1471,699 1471,753 178,753"/>
                <pc:Word id="region0006_line0004_word0000">
                    <pc:Coords points="178,705 313,705 313,747 178,747"/>
                    <pc:TextEquiv conf="0.658154449462891">
                        <pc:Unicode>Suͤnde</pc:Unicode>
                    </pc:TextEquiv>
                </pc:Word>
                <pc:Word id="region0006_line0004_word0001">
                    <pc:Coords points="324,704 512,704 512,753 324,753"/>
                    <pc:TextEquiv conf="0.881886444091797">
                        <pc:Unicode>auffrichtig</pc:Unicode>
                    </pc:TextEquiv>
                </pc:Word>
                <pc:Word id="region0006_line0004_word0002">
                    <pc:Coords points="521,706 680,706 680,742 521,742"/>
                    <pc:TextEquiv conf="0.881886444091797">
                        <pc:Unicode>bekennet.</pc:Unicode>
                    </pc:TextEquiv>
                </pc:Word>
                <pc:Word id="region0006_line0004_word0003">
                    <pc:Coords points="712,701 770,701 770,742 712,742"/>
                    <pc:TextEquiv conf="0.922394485473633">
                        <pc:Unicode>Es</pc:Unicode>
                    </pc:TextEquiv>
                </pc:Word>
                <pc:Word id="region0006_line0004_word0004">
                    <pc:Coords points="779,705 844,705 844,750 779,750"/>
                    <pc:TextEquiv conf="0.874874572753906">
                        <pc:Unicode>gibt</pc:Unicode>
                    </pc:TextEquiv>
                </pc:Word>
                <pc:Word id="region0006_line0004_word0005">
                    <pc:Coords points="855,703 1028,703 1028,752 855,752"/>
                    <pc:TextEquiv conf="0.85176628112793">
                        <pc:Unicode>Prediger</pc:Unicode>
                    </pc:TextEquiv>
                </pc:Word>
                <pc:Word id="region0006_line0004_word0006">
                    <pc:Coords points="1032,699 1016,699 1016,753 1032,753"/>
                    <pc:TextEquiv conf="0.748981781005859">
                        <pc:Unicode>/</pc:Unicode>
                    </pc:TextEquiv>
                </pc:Word>
                <pc:Word id="region0006_line0004_word0007">
                    <pc:Coords points="1038,707 1084,707 1084,741 1038,741"/>
                    <pc:TextEquiv conf="0.748981781005859">
                        <pc:Unicode>die</pc:Unicode>
                    </pc:TextEquiv>
                </pc:Word>
                <pc:Word id="region0006_line0004_word0008">
                    <pc:Coords points="1094,700 1185,700 1185,751 1094,751"/>
                    <pc:TextEquiv conf="0.928597106933594">
                        <pc:Unicode>mehr</pc:Unicode>
                    </pc:TextEquiv>
                </pc:Word>
                <pc:Word id="region0006_line0004_word0009">
                    <pc:Coords points="1196,699 1272,699 1272,747 1196,747"/>
                    <pc:TextEquiv conf="0.922297592163086">
                        <pc:Unicode>auff</pc:Unicode>
                    </pc:TextEquiv>
                </pc:Word>
                <pc:Word id="region0006_line0004_word0010">
                    <pc:Coords points="1280,700 1329,700 1329,745 1280,745"/>
                    <pc:TextEquiv conf="0.911153411865234">
                        <pc:Unicode>ihr</pc:Unicode>
                    </pc:TextEquiv>
                </pc:Word>
                <pc:Word id="region0006_line0004_word0011">
                    <pc:Coords points="1339,705 1407,705 1407,738 1339,738"/>
                    <pc:TextEquiv conf="0.928545303344727">
                        <pc:Unicode>und</pc:Unicode>
                    </pc:TextEquiv>
                </pc:Word>
                <pc:Word id="region0006_line0004_word0012">
                    <pc:Coords points="1418,703 1471,703 1471,736 1418,736"/>
                    <pc:TextEquiv conf="0.926404190063477">
                        <pc:Unicode>der</pc:Unicode>
                    </pc:TextEquiv>
                </pc:Word>
                <pc:TextEquiv conf="0.860455680260291">
                    <pc:Unicode>Suͤnde auffrichtig bekennet. Es gibt Prediger / die mehr auff ihr und der</pc:Unicode>
                </pc:TextEquiv>
            </pc:TextLine>
            <pc:TextLine id="region0006_line0005">
                <pc:Coords points="173,748 1469,748 1469,810 173,810"/>
                <pc:Word id="region0006_line0005_word0000">
                    <pc:Coords points="173,754 320,754 320,810 173,810"/>
                    <pc:TextEquiv conf="0.850557250976563">
                        <pc:Unicode>Zuhoͤrer</pc:Unicode>
                    </pc:TextEquiv>
                </pc:Word>
                <pc:Word id="region0006_line0005_word0001">
                    <pc:Coords points="328,755 425,755 425,796 328,796"/>
                    <pc:TextEquiv conf="0.398067626953125">
                        <pc:Unicode>Meel</pc:Unicode>
                    </pc:TextEquiv>
                </pc:Word>
                <pc:Word id="region0006_line0005_word0002">
                    <pc:Coords points="434,760 490,760 490,794 434,794"/>
                    <pc:TextEquiv conf="0.398067626953125">
                        <pc:Unicode>als</pc:Unicode>
                    </pc:TextEquiv>
                </pc:Word>
                <pc:Word id="region0006_line0005_word0003">
                    <pc:Coords points="500,755 549,755 549,801 500,801"/>
                    <pc:TextEquiv conf="0.914147567749023">
                        <pc:Unicode>ihr</pc:Unicode>
                    </pc:TextEquiv>
                </pc:Word>
                <pc:Word id="region0006_line0005_word0004">
                    <pc:Coords points="562,753 764,753 764,803 562,803"/>
                    <pc:TextEquiv conf="0.692720642089844">
                        <pc:Unicode>Seelſehen;</pc:Unicode>
                    </pc:TextEquiv>
                </pc:Word>
                <pc:Word id="region0006_line0005_word0005">
                    <pc:Coords points="778,752 1003,752 1003,800 778,800"/>
                    <pc:TextEquiv conf="0.466613388061523">
                        <pc:Unicode>Obrigkeiten</pc:Unicode>
                    </pc:TextEquiv>
                </pc:Word>
                <pc:Word id="region0006_line0005_word0006">
                    <pc:Coords points="1009,748 997,748 997,810 1009,810"/>
                    <pc:TextEquiv conf="0.466613388061523">
                        <pc:Unicode>/</pc:Unicode>
                    </pc:TextEquiv>
                </pc:Word>
                <pc:Word id="region0006_line0005_word0007">
                    <pc:Coords points="1013,761 1060,761 1060,792 1013,792"/>
                    <pc:TextEquiv conf="0.48351863861084">
                        <pc:Unicode>die</pc:Unicode>
                    </pc:TextEquiv>
                </pc:Word>
                <pc:Word id="region0006_line0005_word0008">
                    <pc:Coords points="1075,757 1134,757 1134,792 1075,792"/>
                    <pc:TextEquiv conf="0.926596908569336">
                        <pc:Unicode>den</pc:Unicode>
                    </pc:TextEquiv>
                </pc:Word>
                <pc:Word id="region0006_line0005_word0009">
                    <pc:Coords points="1148,750 1355,750 1355,799 1148,799"/>
                    <pc:TextEquiv conf="0.50248176574707">
                        <pc:Unicode>Eigen⸗Nutz</pc:Unicode>
                    </pc:TextEquiv>
                </pc:Word>
                <pc:Word id="region0006_line0005_word0010">
                    <pc:Coords points="1365,748 1469,748 1469,798 1365,798"/>
                    <pc:TextEquiv conf="0.50248176574707">
                        <pc:Unicode>mehr/</pc:Unicode>
                    </pc:TextEquiv>
                </pc:Word>
                <pc:TextEquiv conf="0.600169688138095">
                    <pc:Unicode>Zuhoͤrer Meel als ihr Seelſehen; Obrigkeiten / die den Eigen⸗Nutz mehr/</pc:Unicode>
                </pc:TextEquiv>
            </pc:TextLine>
            <pc:TextLine id="region0006_line0006">
                <pc:Coords points="176,801 1470,801 1470,856 176,856"/>
                <pc:Word id="region0006_line0006_word0000">
                    <pc:Coords points="176,816 230,816 230,850 176,850"/>
                    <pc:TextEquiv conf="0.924464569091797">
                        <pc:Unicode>als</pc:Unicode>
                    </pc:TextEquiv>
                </pc:Word>
                <pc:Word id="region0006_line0006_word0001">
                    <pc:Coords points="246,817 292,817 292,848 246,848"/>
                    <pc:TextEquiv conf="0.916786422729492">
                        <pc:Unicode>die</pc:Unicode>
                    </pc:TextEquiv>
                </pc:Word>
                <pc:Word id="region0006_line0006_word0002">
                    <pc:Coords points="313,811 454,811 454,856 313,856"/>
                    <pc:TextEquiv conf="0.923363723754883">
                        <pc:Unicode>gemeine</pc:Unicode>
                    </pc:TextEquiv>
                </pc:Word>
                <pc:Word id="region0006_line0006_word0003">
                    <pc:Coords points="463,805 665,805 665,855 463,855"/>
                    <pc:TextEquiv conf="0.923483352661133">
                        <pc:Unicode>Wohlfahrt</pc:Unicode>
                    </pc:TextEquiv>
                </pc:Word>
                <pc:Word id="region0006_line0006_word0004">
                    <pc:Coords points="677,808 857,808 857,845 677,845"/>
                    <pc:TextEquiv conf="0.766474609375">
                        <pc:Unicode>bedencken.</pc:Unicode>
                    </pc:TextEquiv>
                </pc:Word>
                <pc:Word id="region0006_line0006_word0005">
                    <pc:Coords points="886,805 940,805 940,844 886,844"/>
                    <pc:TextEquiv conf="0.83939208984375">
                        <pc:Unicode>Wer</pc:Unicode>
                    </pc:TextEquiv>
                </pc:Word>
                <pc:Word id="region0006_line0006_word0006">
                    <pc:Coords points="1012,801 959,801 959,856 1012,856"/>
                    <pc:TextEquiv conf="0.83939208984375">
                        <pc:Unicode>iſt</pc:Unicode>
                    </pc:TextEquiv>
                </pc:Word>
                <pc:Word id="region0006_line0006_word0007">
                    <pc:Coords points="1020,804 1364,804 1364,844 1020,844"/>
                    <pc:TextEquiv conf="0.885750427246094">
                        <pc:Unicode>unter</pc:Unicode>
                    </pc:TextEquiv>
                </pc:Word>
                <pc:Word id="region0006_line0006_word0008">
                    <pc:Coords points="1180,801 1132,801 1132,856 1180,856"/>
                    <pc:TextEquiv conf="0.885750427246094">
                        <pc:Unicode>uns</pc:Unicode>
                    </pc:TextEquiv>
                </pc:Word>
                <pc:Word id="region0006_line0006_word0009">
                    <pc:Coords points="1275,801 1195,801 1195,856 1275,856"/>
                    <pc:TextEquiv conf="0.916658172607422">
                        <pc:Unicode>allen</pc:Unicode>
                    </pc:TextEquiv>
                </pc:Word>
                <pc:Word id="region0006_line0006_word0010">
                    <pc:Coords points="1306,801 1290,801 1290,856 1306,856"/>
                    <pc:TextEquiv conf="0.928710479736328">
                        <pc:Unicode>/</pc:Unicode>
                    </pc:TextEquiv>
                </pc:Word>
                <pc:Word id="region0006_line0006_word0011">
                    <pc:Coords points="1369,801 1321,801 1321,856 1369,856"/>
                    <pc:TextEquiv conf="0.921497192382812">
                        <pc:Unicode>der</pc:Unicode>
                    </pc:TextEquiv>
                </pc:Word>
                <pc:Word id="region0006_line0006_word0012">
                    <pc:Coords points="1375,801 1470,801 1470,848 1375,848"/>
                    <pc:TextEquiv conf="0.929728393554688">
                        <pc:Unicode>ſagen</pc:Unicode>
                    </pc:TextEquiv>
                </pc:Word>
                <pc:TextEquiv conf="0.892419380774865">
                    <pc:Unicode>als die gemeine Wohlfahrt bedencken. Wer iſt unter uns allen / der ſagen</pc:Unicode>
                </pc:TextEquiv>
            </pc:TextLine>
            <pc:TextLine id="region0006_line0007">
                <pc:Coords points="178,850 1470,850 1470,909 178,909"/>
                <pc:Word id="region0006_line0007_word0000">
                    <pc:Coords points="178,865 259,865 259,901 178,901"/>
                    <pc:TextEquiv conf="0.63811336517334">
                        <pc:Unicode>tan</pc:Unicode>
                    </pc:TextEquiv>
                </pc:Word>
                <pc:Word id="region0006_line0007_word0001">
                    <pc:Coords points="269,850 252,850 252,909 269,909"/>
                    <pc:TextEquiv conf="0.900595321655273">
                        <pc:Unicode>/</pc:Unicode>
                    </pc:TextEquiv>
                </pc:Word>
                <pc:Word id="region0006_line0007_word0002">
                    <pc:Coords points="274,872 305,872 305,899 274,899"/>
                    <pc:TextEquiv conf="0.902991027832031">
                        <pc:Unicode>er</pc:Unicode>
                    </pc:TextEquiv>
                </pc:Word>
                <pc:Word id="region0006_line0007_word0003">
                    <pc:Coords points="326,859 403,859 403,909 326,909"/>
                    <pc:TextEquiv conf="0.929082412719727">
                        <pc:Unicode>habe</pc:Unicode>
                    </pc:TextEquiv>
                </pc:Word>
                <pc:Word id="region0006_line0007_word0004">
                    <pc:Coords points="423,856 532,856 532,898 423,898"/>
                    <pc:TextEquiv conf="0.77835578918457">
                        <pc:Unicode>GOtt</pc:Unicode>
                    </pc:TextEquiv>
                </pc:Word>
                <pc:Word id="region0006_line0007_word0005">
                    <pc:Coords points="548,858 710,858 710,905 548,905"/>
                    <pc:TextEquiv conf="0.927899627685547">
                        <pc:Unicode>jemahlen</pc:Unicode>
                    </pc:TextEquiv>
                </pc:Word>
                <pc:Word id="region0006_line0007_word0006">
                    <pc:Coords points="729,857 906,857 906,904 729,904"/>
                    <pc:TextEquiv conf="0.382678146362305">
                        <pc:Unicode>gebeichtet/</pc:Unicode>
                    </pc:TextEquiv>
                </pc:Word>
                <pc:Word id="region0006_line0007_word0007">
                    <pc:Coords points="923,867 983,867 983,894 923,894"/>
                    <pc:TextEquiv conf="0.805498352050781">
                        <pc:Unicode>wie</pc:Unicode>
                    </pc:TextEquiv>
                </pc:Word>
                <pc:Word id="region0006_line0007_word0008">
                    <pc:Coords points="1005,856 1137,856 1137,896 1005,896"/>
                    <pc:TextEquiv conf="0.368220596313477">
                        <pc:Unicode>Daniel</pc:Unicode>
                    </pc:TextEquiv>
                </pc:Word>
                <pc:Word id="region0006_line0007_word0009">
                    <pc:Coords points="1155,866 1181,866 1181,894 1155,894"/>
                    <pc:TextEquiv conf="0.901939239501953">
                        <pc:Unicode>c.</pc:Unicode>
                    </pc:TextEquiv>
                </pc:Word>
                <pc:Word id="region0006_line0007_word0010">
                    <pc:Coords points="1196,869 1224,869 1224,900 1196,900"/>
                    <pc:TextEquiv conf="0.767712249755859">
                        <pc:Unicode>9.</pc:Unicode>
                    </pc:TextEquiv>
                </pc:Word>
                <pc:Word id="region0006_line0007_word0011">
                    <pc:Coords points="1237,853 1299,853 1299,904 1237,904"/>
                    <pc:TextEquiv conf="0.767712249755859">
                        <pc:Unicode>Ja</pc:Unicode>
                    </pc:TextEquiv>
                </pc:Word>
                <pc:Word id="region0006_line0007_word0012">
                    <pc:Coords points="1322,850 1470,850 1470,903 1322,903"/>
                    <pc:TextEquiv conf="0.249406814575195">
                        <pc:Unicode>HEr?/</pc:Unicode>
                    </pc:TextEquiv>
                </pc:Word>
                <pc:TextEquiv conf="0.716938860966609">
                    <pc:Unicode>tan / er habe GOtt jemahlen gebeichtet/ wie Daniel c. 9. Ja HEr?/</pc:Unicode>
                </pc:TextEquiv>
            </pc:TextLine>
            <pc:TextLine id="region0006_line0008">
                <pc:Coords points="178,903 1471,903 1471,959 178,959"/>
                <pc:Word id="region0006_line0008_word0000">
                    <pc:Coords points="178,919 272,919 272,954 178,954"/>
                    <pc:TextEquiv conf="0.608192100524902">
                        <pc:Unicode>wir/</pc:Unicode>
                    </pc:TextEquiv>
                </pc:Word>
                <pc:Word id="region0006_line0008_word0001">
                    <pc:Coords points="290,911 418,911 418,959 290,959"/>
                    <pc:TextEquiv conf="0.920272598266602">
                        <pc:Unicode>unſere</pc:Unicode>
                    </pc:TextEquiv>
                </pc:Word>
                <pc:Word id="region0006_line0008_word0002">
                    <pc:Coords points="430,908 607,908 607,959 430,959"/>
                    <pc:TextEquiv conf="0.403234710693359">
                        <pc:Unicode>Konige/</pc:Unicode>
                    </pc:TextEquiv>
                </pc:Word>
                <pc:Word id="region0006_line0008_word0003">
                    <pc:Coords points="624,908 751,908 751,957 624,957"/>
                    <pc:TextEquiv conf="0.930636138916016">
                        <pc:Unicode>unſere</pc:Unicode>
                    </pc:TextEquiv>
                </pc:Word>
                <pc:Word id="region0006_line0008_word0004">
                    <pc:Coords points="769,906 930,906 930,958 769,958"/>
                    <pc:TextEquiv conf="0.925851287841797">
                        <pc:Unicode>Fuͤrſten</pc:Unicode>
                    </pc:TextEquiv>
                </pc:Word>
                <pc:Word id="region0006_line0008_word0005">
                    <pc:Coords points="941,911 1020,911 1020,948 941,948"/>
                    <pc:TextEquiv conf="0.928233108520508">
                        <pc:Unicode>und</pc:Unicode>
                    </pc:TextEquiv>
                </pc:Word>
                <pc:Word id="region0006_line0008_word0006">
                    <pc:Coords points="1043,907 1168,907 1168,956 1043,956"/>
                    <pc:TextEquiv conf="0.891521682739258">
                        <pc:Unicode>unſere</pc:Unicode>
                    </pc:TextEquiv>
                </pc:Word>
                <pc:Word id="region0006_line0008_word0007">
                    <pc:Coords points="1316,903 1198,903 1198,959 1316,959"/>
                    <pc:TextEquiv conf="0.672071228027344">
                        <pc:Unicode>Vaͤter</pc:Unicode>
                    </pc:TextEquiv>
                </pc:Word>
                <pc:Word id="region0006_line0008_word0008">
                    <pc:Coords points="1329,903 1471,903 1471,953 1329,953"/>
                    <pc:TextEquiv conf="0.916298294067383">
                        <pc:Unicode>muͤſſen</pc:Unicode>
                    </pc:TextEquiv>
                </pc:Word>
                <pc:TextEquiv conf="0.799590127733019">
                    <pc:Unicode>wir/ unſere Konige/ unſere Fuͤrſten und unſere Vaͤter muͤſſen</pc:Unicode>
                </pc:TextEquiv>
            </pc:TextLine>
            <pc:TextLine id="region0006_line0009">
                <pc:Coords points="181,955 1471,955 1471,1012 181,1012"/>
                <pc:Word id="region0006_line0009_word0000">
                    <pc:Coords points="181,972 259,972 259,1005 181,1005"/>
                    <pc:TextEquiv conf="0.931448211669922">
                        <pc:Unicode>uns</pc:Unicode>
                    </pc:TextEquiv>
                </pc:Word>
                <pc:Word id="region0006_line0009_word0001">
                    <pc:Coords points="278,962 470,962 470,1012 278,1012"/>
                    <pc:TextEquiv conf="0.844523773193359">
                        <pc:Unicode>ſchaͤmen</pc:Unicode>
                    </pc:TextEquiv>
                </pc:Word>
                <pc:Word id="region0006_line0009_word0002">
                    <pc:Coords points="475,955 453,955 453,1012 475,1012"/>
                    <pc:TextEquiv conf="0.844523773193359">
                        <pc:Unicode>/</pc:Unicode>
                    </pc:TextEquiv>
                </pc:Word>
                <pc:Word id="region0006_line0009_word0003">
                    <pc:Coords points="482,962 554,962 554,1007 482,1007"/>
                    <pc:TextEquiv conf="0.928208312988281">
                        <pc:Unicode>daß</pc:Unicode>
                    </pc:TextEquiv>
                </pc:Word>
                <pc:Word id="region0006_line0009_word0004">
                    <pc:Coords points="568,970 641,970 641,1000 568,1000"/>
                    <pc:TextEquiv conf="0.930516204833984">
                        <pc:Unicode>wir</pc:Unicode>
                    </pc:TextEquiv>
                </pc:Word>
                <pc:Word id="region0006_line0009_word0005">
                    <pc:Coords points="654,969 732,969 732,1000 654,1000"/>
                    <pc:TextEquiv conf="0.93243537902832">
                        <pc:Unicode>uns</pc:Unicode>
                    </pc:TextEquiv>
                </pc:Word>
                <pc:Word id="region0006_line0009_word0006">
                    <pc:Coords points="750,969 802,969 802,999 750,999"/>
                    <pc:TextEquiv conf="0.932449264526367">
                        <pc:Unicode>an</pc:Unicode>
                    </pc:TextEquiv>
                </pc:Word>
                <pc:Word id="region0006_line0009_word0007">
                    <pc:Coords points="813,961 871,961 871,999 813,999"/>
                    <pc:TextEquiv conf="0.66452507019043">
                        <pc:Unicode>dir</pc:Unicode>
                    </pc:TextEquiv>
                </pc:Word>
                <pc:Word id="region0006_line0009_word0008">
                    <pc:Coords points="881,959 1122,959 1122,1009 881,1009"/>
                    <pc:TextEquiv conf="0.815006408691406">
                        <pc:Unicode>verſundiget</pc:Unicode>
                    </pc:TextEquiv>
                </pc:Word>
                <pc:Word id="region0006_line0009_word0009">
                    <pc:Coords points="1137,958 1271,958 1271,1009 1137,1009"/>
                    <pc:TextEquiv conf="0.928038558959961">
                        <pc:Unicode>haben.</pc:Unicode>
                    </pc:TextEquiv>
                </pc:Word>
                <pc:Word id="region0006_line0009_word0010">
                    <pc:Coords points="1301,955 1471,955 1471,1011 1301,1011"/>
                    <pc:TextEquiv conf="0.919761810302734">
                        <pc:Unicode>Sondern</pc:Unicode>
                    </pc:TextEquiv>
                </pc:Word>
                <pc:TextEquiv conf="0.879221524325284">
                    <pc:Unicode>uns ſchaͤmen / daß wir uns an dir verſundiget haben. Sondern</pc:Unicode>
                </pc:TextEquiv>
            </pc:TextLine>
            <pc:TextLine id="region0006_line0010">
                <pc:Coords points="182,1004 1471,1004 1471,1058 182,1058"/>
                <pc:Word id="region0006_line0010_word0000">
                    <pc:Coords points="182,1025 242,1025 242,1053 182,1053"/>
                    <pc:TextEquiv conf="0.929800872802734">
                        <pc:Unicode>wir</pc:Unicode>
                    </pc:TextEquiv>
                </pc:Word>
                <pc:Word id="region0006_line0010_word0001">
                    <pc:Coords points="255,1018 412,1018 412,1056 255,1056"/>
                    <pc:TextEquiv conf="0.925918579101562">
                        <pc:Unicode>machens</pc:Unicode>
                    </pc:TextEquiv>
                </pc:Word>
                <pc:Word id="region0006_line0010_word0002">
                    <pc:Coords points="421,1012 492,1012 492,1049 421,1049"/>
                    <pc:TextEquiv conf="0.503854370117187">
                        <pc:Unicode>alle</pc:Unicode>
                    </pc:TextEquiv>
                </pc:Word>
                <pc:Word id="region0006_line0010_word0003">
                    <pc:Coords points="504,1004 488,1004 488,1058 504,1058"/>
                    <pc:TextEquiv conf="0.503854370117187">
                        <pc:Unicode>/</pc:Unicode>
                    </pc:TextEquiv>
                </pc:Word>
                <pc:Word id="region0006_line0010_word0004">
                    <pc:Coords points="507,1014 568,1014 568,1050 507,1050"/>
                    <pc:TextEquiv conf="0.927149429321289">
                        <pc:Unicode>wie</pc:Unicode>
                    </pc:TextEquiv>
                </pc:Word>
                <pc:Word id="region0006_line0010_word0005">
                    <pc:Coords points="576,1016 632,1016 632,1050 576,1050"/>
                    <pc:TextEquiv conf="0.921683044433594">
                        <pc:Unicode>der</pc:Unicode>
                    </pc:TextEquiv>
                </pc:Word>
                <pc:Word id="region0006_line0010_word0006">
                    <pc:Coords points="641,1011 827,1011 827,1057 641,1057"/>
                    <pc:TextEquiv conf="0.885214538574219">
                        <pc:Unicode>ungerechte</pc:Unicode>
                    </pc:TextEquiv>
                </pc:Word>
                <pc:Word id="region0006_line0010_word0007">
                    <pc:Coords points="838,1009 1065,1009 1065,1058 838,1058"/>
                    <pc:TextEquiv conf="0.885214538574219">
                        <pc:Unicode>Haußhalter</pc:Unicode>
                    </pc:TextEquiv>
                </pc:Word>
                <pc:Word id="region0006_line0010_word0008">
                    <pc:Coords points="1072,1004 1061,1004 1061,1058 1072,1058"/>
                    <pc:TextEquiv conf="0.921038665771484">
                        <pc:Unicode>/</pc:Unicode>
                    </pc:TextEquiv>
                </pc:Word>
                <pc:Word id="region0006_line0010_word0009">
                    <pc:Coords points="1078,1014 1146,1014 1146,1047 1078,1047"/>
                    <pc:TextEquiv conf="0.918572082519531">
                        <pc:Unicode>und</pc:Unicode>
                    </pc:TextEquiv>
                </pc:Word>
                <pc:Word id="region0006_line0010_word0010">
                    <pc:Coords points="1161,1008 1316,1008 1316,1056 1161,1056"/>
                    <pc:TextEquiv conf="0.903912811279297">
                        <pc:Unicode>ſchreiben</pc:Unicode>
                    </pc:TextEquiv>
                </pc:Word>
                <pc:Word id="region0006_line0010_word0011">
                    <pc:Coords points="1325,1016 1405,1016 1405,1054 1325,1054"/>
                    <pc:TextEquiv conf="0.928102569580078">
                        <pc:Unicode>gern</pc:Unicode>
                    </pc:TextEquiv>
                </pc:Word>
                <pc:Word id="region0006_line0010_word0012">
                    <pc:Coords points="1414,1004 1471,1004 1471,1054 1414,1054"/>
                    <pc:TextEquiv conf="0.87502571105957">
                        <pc:Unicode>fur</pc:Unicode>
                    </pc:TextEquiv>
                </pc:Word>
                <pc:TextEquiv conf="0.848410891019381">
                    <pc:Unicode>wir machens alle / wie der ungerechte Haußhalter / und ſchreiben gern fur</pc:Unicode>
                </pc:TextEquiv>
            </pc:TextLine>
            <pc:TextLine id="region0006_line0011">
                <pc:Coords points="183,1054 1472,1054 1472,1114 183,1114"/>
                <pc:Word id="region0006_line0011_word0000">
                    <pc:Coords points="183,1079 254,1079 254,1103 183,1103"/>
                    <pc:TextEquiv conf="0.780891723632812">
                        <pc:Unicode>100.</pc:Unicode>
                    </pc:TextEquiv>
                </pc:Word>
                <pc:Word id="region0006_line0011_word0001">
                    <pc:Coords points="271,1065 395,1065 395,1114 271,1114"/>
                    <pc:TextEquiv conf="0.91039176940918">
                        <pc:Unicode>Pfund</pc:Unicode>
                    </pc:TextEquiv>
                </pc:Word>
                <pc:Word id="region0006_line0011_word0002">
                    <pc:Coords points="409,1075 464,1075 464,1114 409,1114"/>
                    <pc:TextEquiv conf="0.259367904663086">
                        <pc:Unicode>78.</pc:Unicode>
                    </pc:TextEquiv>
                </pc:Word>
                <pc:Word id="region0006_line0011_word0003">
                    <pc:Coords points="477,1071 536,1071 536,1100 477,1100"/>
                    <pc:TextEquiv conf="0.752154846191406">
                        <pc:Unicode>an</pc:Unicode>
                    </pc:TextEquiv>
                </pc:Word>
                <pc:Word id="region0006_line0011_word0004">
                    <pc:Coords points="542,1054 530,1054 530,1114 542,1114"/>
                    <pc:TextEquiv conf="0.752154846191406">
                        <pc:Unicode>/</pc:Unicode>
                    </pc:TextEquiv>
                </pc:Word>
                <pc:Word id="region0006_line0011_word0005">
                    <pc:Coords points="547,1066 608,1066 608,1100 547,1100"/>
                    <pc:TextEquiv conf="0.918564453125">
                        <pc:Unicode>wir</pc:Unicode>
                    </pc:TextEquiv>
                </pc:Word>
                <pc:Word id="region0006_line0011_word0006">
                    <pc:Coords points="622,1066 715,1066 715,1099 622,1099"/>
                    <pc:TextEquiv conf="0.930635375976563">
                        <pc:Unicode>reden</pc:Unicode>
                    </pc:TextEquiv>
                </pc:Word>
                <pc:Word id="region0006_line0011_word0007">
                    <pc:Coords points="729,1067 802,1067 802,1099 729,1099"/>
                    <pc:TextEquiv conf="0.929098815917969">
                        <pc:Unicode>uns</pc:Unicode>
                    </pc:TextEquiv>
                </pc:Word>
                <pc:Word id="region0006_line0011_word0008">
                    <pc:Coords points="817,1062 899,1062 899,1109 817,1109"/>
                    <pc:TextEquiv conf="0.877532424926758">
                        <pc:Unicode>auß</pc:Unicode>
                    </pc:TextEquiv>
                </pc:Word>
                <pc:Word id="region0006_line0011_word0009">
                    <pc:Coords points="910,1054 893,1054 893,1114 910,1114"/>
                    <pc:TextEquiv conf="0.877532424926758">
                        <pc:Unicode>/</pc:Unicode>
                    </pc:TextEquiv>
                </pc:Word>
                <pc:Word id="region0006_line0011_word0010">
                    <pc:Coords points="920,1065 989,1065 989,1099 920,1099"/>
                    <pc:TextEquiv conf="0.930831680297852">
                        <pc:Unicode>und</pc:Unicode>
                    </pc:TextEquiv>
                </pc:Word>
                <pc:Word id="region0006_line0011_word0011">
                    <pc:Coords points="1009,1059 1268,1059 1268,1108 1009,1108"/>
                    <pc:TextEquiv conf="0.912530517578125">
                        <pc:Unicode>verglimpffens</pc:Unicode>
                    </pc:TextEquiv>
                </pc:Word>
                <pc:Word id="region0006_line0011_word0012">
                    <pc:Coords points="1289,1054 1319,1054 1319,1104 1289,1104"/>
                    <pc:TextEquiv conf="0.930869827270508">
                        <pc:Unicode>ſo</pc:Unicode>
                    </pc:TextEquiv>
                </pc:Word>
                <pc:Word id="region0006_line0011_word0013">
                    <pc:Coords points="1338,1068 1397,1068 1397,1106 1338,1106"/>
                    <pc:TextEquiv conf="0.91409912109375">
                        <pc:Unicode>gut</pc:Unicode>
                    </pc:TextEquiv>
                </pc:Word>
                <pc:Word id="region0006_line0011_word0014">
                    <pc:Coords points="1411,1060 1472,1060 1472,1094 1411,1094"/>
                    <pc:TextEquiv conf="0.915581436157227">
                        <pc:Unicode>wir</pc:Unicode>
                    </pc:TextEquiv>
                </pc:Word>
                <pc:TextEquiv conf="0.839482477823893">
                    <pc:Unicode>100. Pfund 78. an / wir reden uns auß / und verglimpffens ſo gut wir</pc:Unicode>
                </pc:TextEquiv>
            </pc:TextLine>
            <pc:TextLine id="region0006_line0012">
                <pc:Coords points="182,1109 1473,1109 1473,1164 182,1164"/>
                <pc:Word id="region0006_line0012_word0000">
                    <pc:Coords points="182,1113 319,1113 319,1156 182,1156"/>
                    <pc:TextEquiv conf="0.795503616333008">
                        <pc:Unicode>koͤnnen</pc:Unicode>
                    </pc:TextEquiv>
                </pc:Word>
                <pc:Word id="region0006_line0012_word0001">
                    <pc:Coords points="325,1109 314,1109 314,1164 325,1164"/>
                    <pc:TextEquiv conf="0.795503616333008">
                        <pc:Unicode>/</pc:Unicode>
                    </pc:TextEquiv>
                </pc:Word>
                <pc:Word id="region0006_line0012_word0002">
                    <pc:Coords points="333,1121 408,1121 408,1154 333,1154"/>
                    <pc:TextEquiv conf="0.846584930419922">
                        <pc:Unicode>oder</pc:Unicode>
                    </pc:TextEquiv>
                </pc:Word>
                <pc:Word id="region0006_line0012_word0003">
                    <pc:Coords points="420,1113 536,1113 536,1164 420,1164"/>
                    <pc:TextEquiv conf="0.912620086669922">
                        <pc:Unicode>troͤſten</pc:Unicode>
                    </pc:TextEquiv>
                </pc:Word>
                <pc:Word id="region0006_line0012_word0004">
                    <pc:Coords points="550,1118 620,1118 620,1150 550,1150"/>
                    <pc:TextEquiv conf="0.881165466308594">
                        <pc:Unicode>uns</pc:Unicode>
                    </pc:TextEquiv>
                </pc:Word>
                <pc:Word id="region0006_line0012_word0005">
                    <pc:Coords points="635,1123 694,1123 694,1149 635,1149"/>
                    <pc:TextEquiv conf="0.910042037963867">
                        <pc:Unicode>mit</pc:Unicode>
                    </pc:TextEquiv>
                </pc:Word>
                <pc:Word id="region0006_line0012_word0006">
                    <pc:Coords points="708,1117 835,1117 835,1150 708,1150"/>
                    <pc:TextEquiv conf="0.924837036132813">
                        <pc:Unicode>andern</pc:Unicode>
                    </pc:TextEquiv>
                </pc:Word>
                <pc:Word id="region0006_line0012_word0007">
                    <pc:Coords points="854,1113 1047,1113 1047,1160 854,1160"/>
                    <pc:TextEquiv conf="0.900888061523437">
                        <pc:Unicode>Exempeln.</pc:Unicode>
                    </pc:TextEquiv>
                </pc:Word>
                <pc:Word id="region0006_line0012_word0008">
                    <pc:Coords points="1060,1112 1189,1112 1189,1149 1060,1149"/>
                    <pc:TextEquiv conf="0.920390167236328">
                        <pc:Unicode>Wann</pc:Unicode>
                    </pc:TextEquiv>
                </pc:Word>
                <pc:Word id="region0006_line0012_word0009">
                    <pc:Coords points="1203,1121 1284,1121 1284,1148 1203,1148"/>
                    <pc:TextEquiv conf="0.36972484588623">
                        <pc:Unicode>man</pc:Unicode>
                    </pc:TextEquiv>
                </pc:Word>
                <pc:Word id="region0006_line0012_word0010">
                    <pc:Coords points="1293,1121 1318,1121 1318,1153 1293,1153"/>
                    <pc:TextEquiv conf="0.36972484588623">
                        <pc:Unicode>je</pc:Unicode>
                    </pc:TextEquiv>
                </pc:Word>
                <pc:Word id="region0006_line0012_word0011">
                    <pc:Coords points="1329,1109 1473,1109 1473,1150 1329,1150"/>
                    <pc:TextEquiv conf="0.901233596801758">
                        <pc:Unicode>einmahl</pc:Unicode>
                    </pc:TextEquiv>
                </pc:Word>
                <pc:TextEquiv conf="0.79401819229126">
                    <pc:Unicode>koͤnnen / oder troͤſten uns mit andern Exempeln. Wann man je einmahl</pc:Unicode>
                </pc:TextEquiv>
            </pc:TextLine>
            <pc:TextLine id="region0006_line0013">
                <pc:Coords points="186,1159 1476,1159 1476,1213 186,1213"/>
                <pc:Word id="region0006_line0013_word0000">
                    <pc:Coords points="186,1169 266,1169 266,1208 186,1208"/>
                    <pc:TextEquiv conf="0.921362609863281">
                        <pc:Unicode>recht</pc:Unicode>
                    </pc:TextEquiv>
                </pc:Word>
                <pc:Word id="region0006_line0013_word0001">
                    <pc:Coords points="277,1168 428,1168 428,1205 277,1205"/>
                    <pc:TextEquiv conf="0.593959121704102">
                        <pc:Unicode>beichtete</pc:Unicode>
                    </pc:TextEquiv>
                </pc:Word>
                <pc:Word id="region0006_line0013_word0002">
                    <pc:Coords points="441,1159 424,1159 424,1213 441,1213"/>
                    <pc:TextEquiv conf="0.593959121704102">
                        <pc:Unicode>/</pc:Unicode>
                    </pc:TextEquiv>
                </pc:Word>
                <pc:Word id="region0006_line0013_word0003">
                    <pc:Coords points="445,1165 474,1165 474,1213 445,1213"/>
                    <pc:TextEquiv conf="0.817275390625">
                        <pc:Unicode>ſo</pc:Unicode>
                    </pc:TextEquiv>
                </pc:Word>
                <pc:Word id="region0006_line0013_word0004">
                    <pc:Coords points="506,1162 617,1162 617,1208 506,1208"/>
                    <pc:TextEquiv conf="0.">
                        <pc:Unicode>doͤrffte</pc:Unicode>
                    </pc:TextEquiv>
                </pc:Word>
                <pc:Word id="region0006_line0013_word0005">
                    <pc:Coords points="699,1159 626,1159 626,1213 699,1213"/>
                    <pc:TextEquiv conf="0.66637565612793">
                        <pc:Unicode>Gozz</pc:Unicode>
                    </pc:TextEquiv>
                </pc:Word>
                <pc:Word id="region0006_line0013_word0006">
                    <pc:Coords points="727,1165 811,1165 811,1202 727,1202"/>
                    <pc:TextEquiv conf="0.919136962890625">
                        <pc:Unicode>nicht</pc:Unicode>
                    </pc:TextEquiv>
                </pc:Word>
                <pc:Word id="region0006_line0013_word0007">
                    <pc:Coords points="821,1162 916,1162 916,1210 821,1210"/>
                    <pc:TextEquiv conf="0.932078323364258">
                        <pc:Unicode>ſolche</pc:Unicode>
                    </pc:TextEquiv>
                </pc:Word>
                <pc:Word id="region0006_line0013_word0008">
                    <pc:Coords points="927,1159 1120,1159 1120,1207 927,1207"/>
                    <pc:TextEquiv conf="0.669419479370117">
                        <pc:Unicode>ſchroͤckliche</pc:Unicode>
                    </pc:TextEquiv>
                </pc:Word>
                <pc:Word id="region0006_line0013_word0009">
                    <pc:Coords points="1153,1160 1284,1160 1284,1201 1153,1201"/>
                    <pc:TextEquiv conf="0.912284774780273">
                        <pc:Unicode>Torturen</pc:Unicode>
                    </pc:TextEquiv>
                </pc:Word>
                <pc:Word id="region0006_line0013_word0010">
                    <pc:Coords points="1313,1160 1476,1160 1476,1208 1313,1208"/>
                    <pc:TextEquiv conf="0.928401641845703">
                        <pc:Unicode>gebrauch⸗</pc:Unicode>
                    </pc:TextEquiv>
                </pc:Word>
                <pc:TextEquiv conf="0.814023007479581">
                    <pc:Unicode>recht beichtete / ſo doͤrffte Gozz nicht ſolche ſchroͤckliche Torturen gebrauch⸗</pc:Unicode>
                </pc:TextEquiv>
            </pc:TextLine>
            <pc:TextLine id="region0006_line0014">
                <pc:Coords points="185,1213 1475,1213 1475,1264 185,1264"/>
                <pc:Word id="region0006_line0014_word0000">
                    <pc:Coords points="185,1229 235,1229 235,1257 185,1257"/>
                    <pc:TextEquiv conf="0.919029541015625">
                        <pc:Unicode>en.</pc:Unicode>
                    </pc:TextEquiv>
                </pc:Word>
                <pc:Word id="region0006_line0014_word0001">
                    <pc:Coords points="247,1218 392,1218 392,1258 247,1258"/>
                    <pc:TextEquiv conf="0.756361083984375">
                        <pc:Unicode>Suma:</pc:Unicode>
                    </pc:TextEquiv>
                </pc:Word>
                <pc:Word id="region0006_line0014_word0002">
                    <pc:Coords points="406,1219 438,1219 438,1252 406,1252"/>
                    <pc:TextEquiv conf="0.587976684570312">
                        <pc:Unicode>Si</pc:Unicode>
                    </pc:TextEquiv>
                </pc:Word>
                <pc:Word id="region0006_line0014_word0003">
                    <pc:Coords points="460,1228 495,1228 495,1250 460,1250"/>
                    <pc:TextEquiv conf="0.466112937927246">
                        <pc:Unicode>tu</pc:Unicode>
                    </pc:TextEquiv>
                </pc:Word>
                <pc:Word id="region0006_line0014_word0004">
                    <pc:Coords points="512,1218 578,1218 578,1264 512,1264"/>
                    <pc:TextEquiv conf="0.466112937927246">
                        <pc:Unicode>iple</pc:Unicode>
                    </pc:TextEquiv>
                </pc:Word>
                <pc:Word id="region0006_line0014_word0005">
                    <pc:Coords points="599,1215 701,1215 701,1250 599,1250"/>
                    <pc:TextEquiv conf="0.88379020690918">
                        <pc:Unicode>fueris</pc:Unicode>
                    </pc:TextEquiv>
                </pc:Word>
                <pc:Word id="region0006_line0014_word0006">
                    <pc:Coords points="722,1213 911,1213 911,1254 722,1254"/>
                    <pc:TextEquiv conf="0.783750152587891">
                        <pc:Unicode>accuſator,</pc:Unicode>
                    </pc:TextEquiv>
                </pc:Word>
                <pc:Word id="region0006_line0014_word0007">
                    <pc:Coords points="927,1219 960,1219 960,1248 927,1248"/>
                    <pc:TextEquiv conf="0.890210571289062">
                        <pc:Unicode>&amp;</pc:Unicode>
                    </pc:TextEquiv>
                </pc:Word>
                <pc:Word id="region0006_line0014_word0008">
                    <pc:Coords points="976,1214 1289,1214 1289,1251 976,1251"/>
                    <pc:TextEquiv conf="0.638347473144531">
                        <pc:Unicode>DEUShberator,</pc:Unicode>
                    </pc:TextEquiv>
                </pc:Word>
                <pc:Word id="region0006_line0014_word0009">
                    <pc:Coords points="1313,1214 1397,1214 1397,1259 1313,1259"/>
                    <pc:TextEquiv conf="0.897368316650391">
                        <pc:Unicode>quid</pc:Unicode>
                    </pc:TextEquiv>
                </pc:Word>
                <pc:Word id="region0006_line0014_word0010">
                    <pc:Coords points="1411,1213 1475,1213 1475,1246 1411,1246"/>
                    <pc:TextEquiv conf="0.913830108642578">
                        <pc:Unicode>erit</pc:Unicode>
                    </pc:TextEquiv>
                </pc:Word>
                <pc:TextEquiv conf="0.745717274058949">
                    <pc:Unicode>en. Suma: Si tu iple fueris accuſator, &amp; DEUShberator, quid erit</pc:Unicode>
                </pc:TextEquiv>
            </pc:TextLine>
            <pc:TextLine id="region0006_line0015">
                <pc:Coords points="190,1261 1477,1261 1477,1314 190,1314"/>
                <pc:Word id="region0006_line0015_word0000">
                    <pc:Coords points="190,1271 349,1271 349,1305 190,1305"/>
                    <pc:TextEquiv conf="0.917247009277344">
                        <pc:Unicode>diabolus</pc:Unicode>
                    </pc:TextEquiv>
                </pc:Word>
                <pc:Word id="region0006_line0015_word0001">
                    <pc:Coords points="370,1266 428,1266 428,1304 370,1304"/>
                    <pc:TextEquiv conf="0.899267120361328">
                        <pc:Unicode>niſi</pc:Unicode>
                    </pc:TextEquiv>
                </pc:Word>
                <pc:Word id="region0006_line0015_word0002">
                    <pc:Coords points="449,1266 785,1266 785,1312 449,1312"/>
                    <pc:TextEquiv conf="0.603991394042969">
                        <pc:Unicode>calumpiator?</pc:Unicode>
                    </pc:TextEquiv>
                </pc:Word>
                <pc:Word id="region0006_line0015_word0003">
                    <pc:Coords points="802,1261 719,1261 719,1314 802,1314"/>
                    <pc:TextEquiv conf="0.909662475585937">
                        <pc:Unicode>ſagt</pc:Unicode>
                    </pc:TextEquiv>
                </pc:Word>
                <pc:Word id="region0006_line0015_word0004">
                    <pc:Coords points="806,1266 985,1266 985,1314 806,1314"/>
                    <pc:TextEquiv conf="0.909662475585937">
                        <pc:Unicode>Auguſtin.</pc:Unicode>
                    </pc:TextEquiv>
                </pc:Word>
                <pc:Word id="region0006_line0015_word0005">
                    <pc:Coords points="999,1266 1094,1266 1094,1300 999,1300"/>
                    <pc:TextEquiv conf="0.877544555664063">
                        <pc:Unicode>ſerm.</pc:Unicode>
                    </pc:TextEquiv>
                </pc:Word>
                <pc:Word id="region0006_line0015_word0006">
                    <pc:Coords points="1110,1265 1161,1265 1161,1306 1110,1306"/>
                    <pc:TextEquiv conf="0.877544555664063">
                        <pc:Unicode>48.</pc:Unicode>
                    </pc:TextEquiv>
                </pc:Word>
                <pc:Word id="region0006_line0015_word0007">
                    <pc:Coords points="1187,1268 1244,1268 1244,1302 1187,1302"/>
                    <pc:TextEquiv conf="0.88567985534668">
                        <pc:Unicode>das</pc:Unicode>
                    </pc:TextEquiv>
                </pc:Word>
                <pc:Word id="region0006_line0015_word0008">
                    <pc:Coords points="1335,1261 1263,1261 1263,1314 1335,1314"/>
                    <pc:TextEquiv conf="0.708638381958008">
                        <pc:Unicode>iſt:</pc:Unicode>
                    </pc:TextEquiv>
                </pc:Word>
                <pc:Word id="region0006_line0015_word0009">
                    <pc:Coords points="1329,1261 1477,1261 1477,1307 1329,1307"/>
                    <pc:TextEquiv conf="0.846081771850586">
                        <pc:Unicode>Wann</pc:Unicode>
                    </pc:TextEquiv>
                </pc:Word>
                <pc:TextEquiv conf="0.843531959533691">
                    <pc:Unicode>diabolus niſi calumpiator? ſagt Auguſtin. ſerm. 48. das iſt: Wann</pc:Unicode>
                </pc:TextEquiv>
            </pc:TextLine>
            <pc:TextLine id="region0006_line0016">
                <pc:Coords points="185,1312 1477,1312 1477,1370 185,1370"/>
                <pc:Word id="region0006_line0016_word0000">
                    <pc:Coords points="185,1324 235,1324 235,1361 185,1361"/>
                    <pc:TextEquiv conf="0.931739959716797">
                        <pc:Unicode>du</pc:Unicode>
                    </pc:TextEquiv>
                </pc:Word>
                <pc:Word id="region0006_line0016_word0001">
                    <pc:Coords points="247,1319 329,1319 329,1370 247,1370"/>
                    <pc:TextEquiv conf="0.924819717407227">
                        <pc:Unicode>dich</pc:Unicode>
                    </pc:TextEquiv>
                </pc:Word>
                <pc:Word id="region0006_line0016_word0002">
                    <pc:Coords points="343,1319 454,1319 454,1369 343,1369"/>
                    <pc:TextEquiv conf="0.924814071655273">
                        <pc:Unicode>ſelber</pc:Unicode>
                    </pc:TextEquiv>
                </pc:Word>
                <pc:Word id="region0006_line0016_word0003">
                    <pc:Coords points="464,1319 642,1319 642,1360 464,1360"/>
                    <pc:TextEquiv conf="0.494735374450684">
                        <pc:Unicode>alseinen</pc:Unicode>
                    </pc:TextEquiv>
                </pc:Word>
                <pc:Word id="region0006_line0016_word0004">
                    <pc:Coords points="653,1315 825,1315 825,1361 653,1361"/>
                    <pc:TextEquiv conf="0.925151977539063">
                        <pc:Unicode>Suͤnder</pc:Unicode>
                    </pc:TextEquiv>
                </pc:Word>
                <pc:Word id="region0006_line0016_word0005">
                    <pc:Coords points="836,1315 1049,1315 1049,1364 836,1364"/>
                    <pc:TextEquiv conf="0.613669242858887">
                        <pc:Unicode>darſtelleſt/</pc:Unicode>
                    </pc:TextEquiv>
                </pc:Word>
                <pc:Word id="region0006_line0016_word0006">
                    <pc:Coords points="1065,1320 1143,1320 1143,1356 1065,1356"/>
                    <pc:TextEquiv conf="0.900246887207031">
                        <pc:Unicode>und</pc:Unicode>
                    </pc:TextEquiv>
                </pc:Word>
                <pc:Word id="region0006_line0016_word0007">
                    <pc:Coords points="1154,1316 1237,1316 1237,1365 1154,1365"/>
                    <pc:TextEquiv conf="0.900246887207031">
                        <pc:Unicode>dich</pc:Unicode>
                    </pc:TextEquiv>
                </pc:Word>
                <pc:Word id="region0006_line0016_word0008">
                    <pc:Coords points="1248,1312 1387,1312 1387,1359 1248,1359"/>
                    <pc:TextEquiv conf="0.390430641174316">
                        <pc:Unicode>G.Ott</pc:Unicode>
                    </pc:TextEquiv>
                </pc:Word>
                <pc:Word id="region0006_line0016_word0009">
                    <pc:Coords points="1399,1321 1477,1321 1477,1353 1399,1353"/>
                    <pc:TextEquiv conf="0.829662780761719">
                        <pc:Unicode>von</pc:Unicode>
                    </pc:TextEquiv>
                </pc:Word>
                <pc:TextEquiv conf="0.783551753997803">
                    <pc:Unicode>du dich ſelber alseinen Suͤnder darſtelleſt/ und dich G.Ott von</pc:Unicode>
                </pc:TextEquiv>
            </pc:TextLine>
            <pc:TextLine id="region0006_line0017">
                <pc:Coords points="186,1366 1478,1366 1478,1419 186,1419"/>
                <pc:Word id="region0006_line0017_word0000">
                    <pc:Coords points="186,1375 248,1375 248,1411 186,1411"/>
                    <pc:TextEquiv conf="0.920463256835938">
                        <pc:Unicode>der</pc:Unicode>
                    </pc:TextEquiv>
                </pc:Word>
                <pc:Word id="region0006_line0017_word0001">
                    <pc:Coords points="265,1371 401,1371 401,1415 265,1415"/>
                    <pc:TextEquiv conf="0.886493530273437">
                        <pc:Unicode>Suͤnd</pc:Unicode>
                    </pc:TextEquiv>
                </pc:Word>
                <pc:Word id="region0006_line0017_word0002">
                    <pc:Coords points="414,1369 563,1369 563,1417 414,1417"/>
                    <pc:TextEquiv conf="0.247446136474609">
                        <pc:Unicode>erloͤſet/</pc:Unicode>
                    </pc:TextEquiv>
                </pc:Word>
                <pc:Word id="region0006_line0017_word0003">
                    <pc:Coords points="578,1379 664,1379 664,1411 578,1411"/>
                    <pc:TextEquiv conf="0.922812652587891">
                        <pc:Unicode>was</pc:Unicode>
                    </pc:TextEquiv>
                </pc:Word>
                <pc:Word id="region0006_line0017_word0004">
                    <pc:Coords points="686,1370 782,1370 782,1409 686,1409"/>
                    <pc:TextEquiv conf="0.929761734008789">
                        <pc:Unicode>wird</pc:Unicode>
                    </pc:TextEquiv>
                </pc:Word>
                <pc:Word id="region0006_line0017_word0005">
                    <pc:Coords points="797,1371 862,1371 862,1408 797,1408"/>
                    <pc:TextEquiv conf="0.928143310546875">
                        <pc:Unicode>der</pc:Unicode>
                    </pc:TextEquiv>
                </pc:Word>
                <pc:Word id="region0006_line0017_word0006">
                    <pc:Coords points="878,1366 1225,1366 1225,1419 878,1419"/>
                    <pc:TextEquiv conf="0.779916076660156">
                        <pc:Unicode>Teuffelalsdann</pc:Unicode>
                    </pc:TextEquiv>
                </pc:Word>
                <pc:Word id="region0006_line0017_word0007">
                    <pc:Coords points="1243,1368 1328,1368 1328,1415 1243,1415"/>
                    <pc:TextEquiv conf="0.925923767089844">
                        <pc:Unicode>ſeyn</pc:Unicode>
                    </pc:TextEquiv>
                </pc:Word>
                <pc:Word id="region0006_line0017_word0008">
                    <pc:Coords points="1342,1366 1404,1366 1404,1405 1342,1405"/>
                    <pc:TextEquiv conf="0.920441131591797">
                        <pc:Unicode>als</pc:Unicode>
                    </pc:TextEquiv>
                </pc:Word>
                <pc:Word id="region0006_line0017_word0009">
                    <pc:Coords points="1421,1373 1478,1373 1478,1404 1421,1404"/>
                    <pc:TextEquiv conf="0.920441131591797">
                        <pc:Unicode>ein</pc:Unicode>
                    </pc:TextEquiv>
                </pc:Word>
                <pc:TextEquiv conf="0.838184272766113">
                    <pc:Unicode>der Suͤnd erloͤſet/ was wird der Teuffelalsdann ſeyn als ein</pc:Unicode>
                </pc:TextEquiv>
            </pc:TextLine>
            <pc:TextLine id="region0006_line0018">
                <pc:Coords points="183,1416 1474,1416 1474,1466 183,1466"/>
                <pc:Word id="region0006_line0018_word0000">
                    <pc:Coords points="183,1419 479,1419 479,1466 183,1466"/>
                    <pc:TextEquiv conf="0.389764862060547">
                        <pc:Unicode>Verleumder:?</pc:Unicode>
                    </pc:TextEquiv>
                </pc:Word>
                <pc:Word id="region0006_line0018_word0001">
                    <pc:Coords points="493,1420 581,1420 581,1458 493,1458"/>
                    <pc:TextEquiv conf="0.920755767822266">
                        <pc:Unicode>Nun</pc:Unicode>
                    </pc:TextEquiv>
                </pc:Word>
                <pc:Word id="region0006_line0018_word0002">
                    <pc:Coords points="597,1421 729,1421 729,1460 597,1460"/>
                    <pc:TextEquiv conf="0.490163879394531">
                        <pc:Unicode>walan</pc:Unicode>
                    </pc:TextEquiv>
                </pc:Word>
                <pc:Word id="region0006_line0018_word0003">
                    <pc:Coords points="729,1416 714,1416 714,1466 729,1466"/>
                    <pc:TextEquiv conf="0.911102752685547">
                        <pc:Unicode>/</pc:Unicode>
                    </pc:TextEquiv>
                </pc:Word>
                <pc:Word id="region0006_line0018_word0004">
                    <pc:Coords points="749,1424 802,1424 802,1457 749,1457"/>
                    <pc:TextEquiv conf="0.911102752685547">
                        <pc:Unicode>der</pc:Unicode>
                    </pc:TextEquiv>
                </pc:Word>
                <pc:Word id="region0006_line0018_word0005">
                    <pc:Coords points="817,1417 1026,1417 1026,1465 817,1465"/>
                    <pc:TextEquiv conf="0.611039619445801">
                        <pc:Unicode>Allerhoͤchſte</pc:Unicode>
                    </pc:TextEquiv>
                </pc:Word>
                <pc:Word id="region0006_line0018_word0006">
                    <pc:Coords points="1048,1429 1162,1429 1162,1459 1048,1459"/>
                    <pc:TextEquiv conf="0.797500610351562">
                        <pc:Unicode>regiere</pc:Unicode>
                    </pc:TextEquiv>
                </pc:Word>
                <pc:Word id="region0006_line0018_word0007">
                    <pc:Coords points="1180,1418 1290,1418 1290,1465 1180,1465"/>
                    <pc:TextEquiv conf="0.924536056518555">
                        <pc:Unicode>unſere</pc:Unicode>
                    </pc:TextEquiv>
                </pc:Word>
                <pc:Word id="region0006_line0018_word0008">
                    <pc:Coords points="1318,1416 1474,1416 1474,1459 1318,1459"/>
                    <pc:TextEquiv conf="0.651119689941406">
                        <pc:Unicode>Hertzen,</pc:Unicode>
                    </pc:TextEquiv>
                </pc:Word>
                <pc:TextEquiv conf="0.734120665656196">
                    <pc:Unicode>Verleumder:? Nun walan / der Allerhoͤchſte regiere unſere Hertzen,</pc:Unicode>
                </pc:TextEquiv>
            </pc:TextLine>
            <pc:TextLine id="region0006_line0019">
                <pc:Coords points="186,1463 1479,1463 1479,1519 186,1519"/>
                <pc:Word id="region0006_line0019_word0000">
                    <pc:Coords points="186,1479 257,1479 257,1509 186,1509"/>
                    <pc:TextEquiv conf="0.919845428466797">
                        <pc:Unicode>und</pc:Unicode>
                    </pc:TextEquiv>
                </pc:Word>
                <pc:Word id="region0006_line0019_word0001">
                    <pc:Coords points="365,1463 267,1463 267,1519 365,1519"/>
                    <pc:TextEquiv conf="0.753119506835938">
                        <pc:Unicode>oͤffne</pc:Unicode>
                    </pc:TextEquiv>
                </pc:Word>
                <pc:Word id="region0006_line0019_word0002">
                    <pc:Coords points="390,1480 447,1480 447,1512 390,1512"/>
                    <pc:TextEquiv conf="0.753119506835938">
                        <pc:Unicode>uns</pc:Unicode>
                    </pc:TextEquiv>
                </pc:Word>
                <pc:Word id="region0006_line0019_word0003">
                    <pc:Coords points="461,1472 581,1472 581,1514 461,1514"/>
                    <pc:TextEquiv conf="0.930555267333984">
                        <pc:Unicode>unſern</pc:Unicode>
                    </pc:TextEquiv>
                </pc:Word>
                <pc:Word id="region0006_line0019_word0004">
                    <pc:Coords points="599,1470 733,1470 733,1508 599,1508"/>
                    <pc:TextEquiv conf="0.931427307128906">
                        <pc:Unicode>Mund</pc:Unicode>
                    </pc:TextEquiv>
                </pc:Word>
                <pc:Word id="region0006_line0019_word0005">
                    <pc:Coords points="737,1463 720,1463 720,1519 737,1519"/>
                    <pc:TextEquiv conf="0.929931335449219">
                        <pc:Unicode>/</pc:Unicode>
                    </pc:TextEquiv>
                </pc:Word>
                <pc:Word id="region0006_line0019_word0006">
                    <pc:Coords points="744,1471 807,1471 807,1518 744,1518"/>
                    <pc:TextEquiv conf="0.9296142578125">
                        <pc:Unicode>daß</pc:Unicode>
                    </pc:TextEquiv>
                </pc:Word>
                <pc:Word id="region0006_line0019_word0007">
                    <pc:Coords points="823,1475 883,1475 883,1506 823,1506"/>
                    <pc:TextEquiv conf="0.93248046875">
                        <pc:Unicode>wir</pc:Unicode>
                    </pc:TextEquiv>
                </pc:Word>
                <pc:Word id="region0006_line0019_word0008">
                    <pc:Coords points="898,1475 971,1475 971,1506 898,1506"/>
                    <pc:TextEquiv conf="0.931624298095703">
                        <pc:Unicode>uns</pc:Unicode>
                    </pc:TextEquiv>
                </pc:Word>
                <pc:Word id="region0006_line0019_word0009">
                    <pc:Coords points="990,1469 1074,1469 1074,1506 990,1506"/>
                    <pc:TextEquiv conf="0.928875427246094">
                        <pc:Unicode>nicht</pc:Unicode>
                    </pc:TextEquiv>
                </pc:Word>
                <pc:Word id="region0006_line0019_word0010">
                    <pc:Coords points="1088,1467 1215,1467 1215,1514 1088,1514"/>
                    <pc:TextEquiv conf="0.930355987548828">
                        <pc:Unicode>ſcheuen</pc:Unicode>
                    </pc:TextEquiv>
                </pc:Word>
                <pc:Word id="region0006_line0019_word0011">
                    <pc:Coords points="1228,1468 1308,1468 1308,1506 1228,1506"/>
                    <pc:TextEquiv conf="0.924663238525391">
                        <pc:Unicode>noch</pc:Unicode>
                    </pc:TextEquiv>
                </pc:Word>
                <pc:Word id="region0006_line0019_word0012">
                    <pc:Coords points="1321,1463 1479,1463 1479,1512 1321,1512"/>
                    <pc:TextEquiv conf="0.872013931274414">
                        <pc:Unicode>ſchaͤmen</pc:Unicode>
                    </pc:TextEquiv>
                </pc:Word>
                <pc:Word id="region0006_line0019_word0013">
                    <pc:Coords points="1467,1519 1479,1519 1479,1463 1467,1463"/>
                    <pc:TextEquiv conf="0.872013931274414">
                        <pc:Unicode>/</pc:Unicode>
                    </pc:TextEquiv>
                </pc:Word>
                <pc:TextEquiv conf="0.89568856375558">
                    <pc:Unicode>und oͤffne uns unſern Mund / daß wir uns nicht ſcheuen noch ſchaͤmen /</pc:Unicode>
                </pc:TextEquiv>
            </pc:TextLine>
            <pc:TextLine id="region0006_line0020">
                <pc:Coords points="190,1517 1365,1517 1365,1571 190,1571"/>
                <pc:Word id="region0006_line0020_word0000">
                    <pc:Coords points="190,1521 300,1521 300,1571 190,1571"/>
                    <pc:TextEquiv conf="0.921585845947266">
                        <pc:Unicode>unſere</pc:Unicode>
                    </pc:TextEquiv>
                </pc:Word>
                <pc:Word id="region0006_line0020_word0001">
                    <pc:Coords points="315,1520 445,1520 445,1565 315,1565"/>
                    <pc:TextEquiv conf="0.858015441894531">
                        <pc:Unicode>Suͤnde</pc:Unicode>
                    </pc:TextEquiv>
                </pc:Word>
                <pc:Word id="region0006_line0020_word0002">
                    <pc:Coords points="454,1531 490,1531 490,1565 454,1565"/>
                    <pc:TextEquiv conf="0.858015441894531">
                        <pc:Unicode>zu</pc:Unicode>
                    </pc:TextEquiv>
                </pc:Word>
                <pc:Word id="region0006_line0020_word0003">
                    <pc:Coords points="499,1521 638,1521 638,1564 499,1564"/>
                    <pc:TextEquiv conf="0.914959106445313">
                        <pc:Unicode>beichten</pc:Unicode>
                    </pc:TextEquiv>
                </pc:Word>
                <pc:Word id="region0006_line0020_word0004">
                    <pc:Coords points="651,1524 718,1524 718,1561 651,1561"/>
                    <pc:TextEquiv conf="0.884245376586914">
                        <pc:Unicode>und</pc:Unicode>
                    </pc:TextEquiv>
                </pc:Word>
                <pc:Word id="region0006_line0020_word0005">
                    <pc:Coords points="736,1528 771,1528 771,1563 736,1563"/>
                    <pc:TextEquiv conf="0.927793121337891">
                        <pc:Unicode>zu</pc:Unicode>
                    </pc:TextEquiv>
                </pc:Word>
                <pc:Word id="region0006_line0020_word0006">
                    <pc:Coords points="780,1521 949,1521 949,1560 780,1560"/>
                    <pc:TextEquiv conf="0.835520324707031">
                        <pc:Unicode>bekennen</pc:Unicode>
                    </pc:TextEquiv>
                </pc:Word>
                <pc:Word id="region0006_line0020_word0007">
                    <pc:Coords points="948,1517 931,1517 931,1571 948,1571"/>
                    <pc:TextEquiv conf="0.895340423583984">
                        <pc:Unicode>/</pc:Unicode>
                    </pc:TextEquiv>
                </pc:Word>
                <pc:Word id="region0006_line0020_word0008">
                    <pc:Coords points="960,1518 989,1518 989,1568 960,1568"/>
                    <pc:TextEquiv conf="0.895340423583984">
                        <pc:Unicode>ſo</pc:Unicode>
                    </pc:TextEquiv>
                </pc:Word>
                <pc:Word id="region0006_line0020_word0009">
                    <pc:Coords points="1003,1523 1083,1523 1083,1559 1003,1559"/>
                    <pc:TextEquiv conf="0.923277130126953">
                        <pc:Unicode>wird</pc:Unicode>
                    </pc:TextEquiv>
                </pc:Word>
                <pc:Word id="region0006_line0020_word0010">
                    <pc:Coords points="1094,1526 1132,1526 1132,1560 1094,1560"/>
                    <pc:TextEquiv conf="0.932304534912109">
                        <pc:Unicode>es</pc:Unicode>
                    </pc:TextEquiv>
                </pc:Word>
                <pc:Word id="region0006_line0020_word0011">
                    <pc:Coords points="1144,1520 1225,1520 1225,1565 1144,1565"/>
                    <pc:TextEquiv conf="0.927554397583008">
                        <pc:Unicode>recht</pc:Unicode>
                    </pc:TextEquiv>
                </pc:Word>
                <pc:Word id="region0006_line0020_word0012">
                    <pc:Coords points="1234,1517 1365,1517 1365,1570 1234,1570"/>
                    <pc:TextEquiv conf="0.920984344482422">
                        <pc:Unicode>heiſſen:</pc:Unicode>
                    </pc:TextEquiv>
                </pc:Word>
                <pc:TextEquiv conf="0.899610454852764">
                    <pc:Unicode>unſere Suͤnde zu beichten und zu bekennen / ſo wird es recht heiſſen:</pc:Unicode>
                </pc:TextEquiv>
            </pc:TextLine>
            <pc:TextEquiv conf="0.806242868931812">
                <pc:Unicode>Laſſet uns unſere Suͤnden recht erkennen / und ſur Gozz unſer
Hertz außſchuͤtten / ſo wird uns Gnade wiederfahren. Was iſt wohl dier⸗
ſſſach ſo vieler ſchuͤchtern / erſchrockenen und zaghafften Gemuͤhter / als
vielleicht eben dieſe/ weil niemand nicht einmahl redlich beichtet / und ſeine
Suͤnde auffrichtig bekennet. Es gibt Prediger / die mehr auff ihr und der
Zuhoͤrer Meel als ihr Seelſehen; Obrigkeiten / die den Eigen⸗Nutz mehr/
als die gemeine Wohlfahrt bedencken. Wer iſt unter uns allen / der ſagen
tan / er habe GOtt jemahlen gebeichtet/ wie Daniel c. 9. Ja HEr?/
wir/ unſere Konige/ unſere Fuͤrſten und unſere Vaͤter muͤſſen
uns ſchaͤmen / daß wir uns an dir verſundiget haben. Sondern
wir machens alle / wie der ungerechte Haußhalter / und ſchreiben gern fur
100. Pfund 78. an / wir reden uns auß / und verglimpffens ſo gut wir
koͤnnen / oder troͤſten uns mit andern Exempeln. Wann man je einmahl
recht beichtete / ſo doͤrffte Gozz nicht ſolche ſchroͤckliche Torturen gebrauch⸗
en. Suma: Si tu iple fueris accuſator, &amp; DEUShberator, quid erit
diabolus niſi calumpiator? ſagt Auguſtin. ſerm. 48. das iſt: Wann
du dich ſelber alseinen Suͤnder darſtelleſt/ und dich G.Ott von
der Suͤnd erloͤſet/ was wird der Teuffelalsdann ſeyn als ein
Verleumder:? Nun walan / der Allerhoͤchſte regiere unſere Hertzen,
und oͤffne uns unſern Mund / daß wir uns nicht ſcheuen noch ſchaͤmen /
unſere Suͤnde zu beichten und zu bekennen / ſo wird es recht heiſſen:</pc:Unicode>
            </pc:TextEquiv>
        </pc:TextRegion>
        <pc:TextRegion id="region0007" orientation="0.035025076661697" readingDirection="left-to-right" textLineOrder="top-to-bottom">
            <pc:Coords points="88,1616 1321,1616 1321,2035 88,2035"/>
            <pc:TextLine id="region0007_line0000">
                <pc:Coords points="352,1616 1165,1616 1165,1689 352,1689"/>
                <pc:Word id="region0007_line0000_word0000">
                    <pc:Coords points="352,1624 446,1624 446,1677 352,1677"/>
                    <pc:TextEquiv conf="0.927882537841797">
                        <pc:Unicode>Der</pc:Unicode>
                    </pc:TextEquiv>
                </pc:Word>
                <pc:Word id="region0007_line0000_word0001">
                    <pc:Coords points="459,1617 628,1617 628,1677 459,1677"/>
                    <pc:TextEquiv conf="0.92520881652832">
                        <pc:Unicode>Menſch</pc:Unicode>
                    </pc:TextEquiv>
                </pc:Word>
                <pc:Word id="region0007_line0000_word0002">
                    <pc:Coords points="639,1616 705,1616 705,1689 639,1689"/>
                    <pc:TextEquiv conf="0.909097442626953">
                        <pc:Unicode>fuͤr</pc:Unicode>
                    </pc:TextEquiv>
                </pc:Word>
                <pc:Word id="region0007_line0000_word0003">
                    <pc:Coords points="724,1619 867,1619 867,1673 724,1673"/>
                    <pc:TextEquiv conf="0.901848754882812">
                        <pc:Unicode>GOtt</pc:Unicode>
                    </pc:TextEquiv>
                </pc:Word>
                <pc:Word id="region0007_line0000_word0004">
                    <pc:Coords points="876,1619 987,1619 987,1678 876,1678"/>
                    <pc:TextEquiv conf="0.8955859375">
                        <pc:Unicode>wohl</pc:Unicode>
                    </pc:TextEquiv>
                </pc:Word>
                <pc:Word id="region0007_line0000_word0005">
                    <pc:Coords points="1000,1619 1091,1619 1091,1681 1000,1681"/>
                    <pc:TextEquiv conf="0.889274444580078">
                        <pc:Unicode>ſelig</pc:Unicode>
                    </pc:TextEquiv>
                </pc:Word>
                <pc:Word id="region0007_line0000_word0006">
                    <pc:Coords points="1099,1618 1165,1618 1165,1681 1099,1681"/>
                    <pc:TextEquiv conf="0.883894882202148">
                        <pc:Unicode>iſt</pc:Unicode>
                    </pc:TextEquiv>
                </pc:Word>
                <pc:Word id="region0007_line0000_word0007">
                    <pc:Coords points="1165,1616 1151,1616 1151,1689 1165,1689"/>
                    <pc:TextEquiv conf="0.904757919311523">
                        <pc:Unicode>/</pc:Unicode>
                    </pc:TextEquiv>
                </pc:Word>
                <pc:TextEquiv conf="0.904693841934204">
                    <pc:Unicode>Der Menſch fuͤr GOtt wohl ſelig iſt /</pc:Unicode>
                </pc:TextEquiv>
            </pc:TextLine>
            <pc:TextLine id="region0007_line0001">
                <pc:Coords points="393,1677 1050,1677 1050,1738 393,1738"/>
                <pc:Word id="region0007_line0001_word0000">
                    <pc:Coords points="393,1684 527,1684 527,1736 393,1736"/>
                    <pc:TextEquiv conf="0.913507614135742">
                        <pc:Unicode>Dem</pc:Unicode>
                    </pc:TextEquiv>
                </pc:Word>
                <pc:Word id="region0007_line0001_word0001">
                    <pc:Coords points="541,1682 604,1682 604,1728 541,1728"/>
                    <pc:TextEquiv conf="0.929073791503906">
                        <pc:Unicode>die</pc:Unicode>
                    </pc:TextEquiv>
                </pc:Word>
                <pc:Word id="region0007_line0001_word0002">
                    <pc:Coords points="623,1680 764,1680 764,1729 623,1729"/>
                    <pc:TextEquiv conf="0.7747119140625">
                        <pc:Unicode>Suͤnd</pc:Unicode>
                    </pc:TextEquiv>
                </pc:Word>
                <pc:Word id="region0007_line0001_word0003">
                    <pc:Coords points="781,1677 827,1677 827,1736 781,1736"/>
                    <pc:TextEquiv conf="0.901683883666992">
                        <pc:Unicode>iſt</pc:Unicode>
                    </pc:TextEquiv>
                </pc:Word>
                <pc:Word id="region0007_line0001_word0004">
                    <pc:Coords points="836,1681 1050,1681 1050,1738 836,1738"/>
                    <pc:TextEquiv conf="0.738187484741211">
                        <pc:Unicode>vergeben</pc:Unicode>
                    </pc:TextEquiv>
                </pc:Word>
                <pc:Word id="region0007_line0001_word0005">
                    <pc:Coords points="1033,1738 1050,1738 1050,1677 1033,1677"/>
                    <pc:TextEquiv conf="0.738187484741211">
                        <pc:Unicode>/</pc:Unicode>
                    </pc:TextEquiv>
                </pc:Word>
                <pc:TextEquiv conf="0.83255869547526">
                    <pc:Unicode>Dem die Suͤnd iſt vergeben /</pc:Unicode>
                </pc:TextEquiv>
            </pc:TextLine>
            <pc:TextLine id="region0007_line0002">
                <pc:Coords points="360,1735 1258,1735 1258,1798 360,1798"/>
                <pc:Word id="region0007_line0002_word0000">
                    <pc:Coords points="360,1741 463,1741 463,1798 360,1798"/>
                    <pc:TextEquiv conf="0.895290374755859">
                        <pc:Unicode>Auß</pc:Unicode>
                    </pc:TextEquiv>
                </pc:Word>
                <pc:Word id="region0007_line0002_word0001">
                    <pc:Coords points="476,1742 608,1742 608,1788 476,1788"/>
                    <pc:TextEquiv conf="0.926500473022461">
                        <pc:Unicode>lauter</pc:Unicode>
                    </pc:TextEquiv>
                </pc:Word>
                <pc:Word id="region0007_line0002_word0002">
                    <pc:Coords points="623,1740 759,1740 759,1790 623,1790"/>
                    <pc:TextEquiv conf="0.918990020751953">
                        <pc:Unicode>Gnad</pc:Unicode>
                    </pc:TextEquiv>
                </pc:Word>
                <pc:Word id="region0007_line0002_word0003">
                    <pc:Coords points="770,1739 892,1739 892,1793 770,1793"/>
                    <pc:TextEquiv conf="0.915283966064453">
                        <pc:Unicode>durch</pc:Unicode>
                    </pc:TextEquiv>
                </pc:Word>
                <pc:Word id="region0007_line0002_word0004">
                    <pc:Coords points="911,1740 1079,1740 1079,1793 911,1793"/>
                    <pc:TextEquiv conf="0.763322830200195">
                        <pc:Unicode>SEſum</pc:Unicode>
                    </pc:TextEquiv>
                </pc:Word>
                <pc:Word id="region0007_line0002_word0005">
                    <pc:Coords points="1097,1735 1258,1735 1258,1796 1097,1796"/>
                    <pc:TextEquiv conf="0.821478805541992">
                        <pc:Unicode>Chriſt</pc:Unicode>
                    </pc:TextEquiv>
                </pc:Word>
                <pc:Word id="region0007_line0002_word0006">
                    <pc:Coords points="1244,1798 1258,1798 1258,1735 1244,1735"/>
                    <pc:TextEquiv conf="0.798704681396484">
                        <pc:Unicode>/</pc:Unicode>
                    </pc:TextEquiv>
                </pc:Word>
                <pc:TextEquiv conf="0.862795878819057">
                    <pc:Unicode>Auß lauter Gnad durch SEſum Chriſt /</pc:Unicode>
                </pc:TextEquiv>
            </pc:TextLine>
            <pc:TextLine id="region0007_line0003">
                <pc:Coords points="421,1796 1039,1796 1039,1851 421,1851"/>
                <pc:Word id="region0007_line0003_word0000">
                    <pc:Coords points="421,1800 514,1800 514,1851 421,1851"/>
                    <pc:TextEquiv conf="0.924333801269531">
                        <pc:Unicode>Der</pc:Unicode>
                    </pc:TextEquiv>
                </pc:Word>
                <pc:Word id="region0007_line0003_word0001">
                    <pc:Coords points="527,1800 612,1800 612,1843 527,1843"/>
                    <pc:TextEquiv conf="0.902392654418945">
                        <pc:Unicode>uns</pc:Unicode>
                    </pc:TextEquiv>
                </pc:Word>
                <pc:Word id="region0007_line0003_word0002">
                    <pc:Coords points="626,1796 783,1796 783,1844 626,1844"/>
                    <pc:TextEquiv conf="0.902392654418945">
                        <pc:Unicode>erwarb</pc:Unicode>
                    </pc:TextEquiv>
                </pc:Word>
                <pc:Word id="region0007_line0003_word0003">
                    <pc:Coords points="796,1797 880,1797 880,1842 796,1842"/>
                    <pc:TextEquiv conf="0.929246292114258">
                        <pc:Unicode>das</pc:Unicode>
                    </pc:TextEquiv>
                </pc:Word>
                <pc:Word id="region0007_line0003_word0004">
                    <pc:Coords points="894,1796 1039,1796 1039,1850 894,1850"/>
                    <pc:TextEquiv conf="0.580147094726562">
                        <pc:Unicode>Leben/</pc:Unicode>
                    </pc:TextEquiv>
                </pc:Word>
                <pc:TextEquiv conf="0.847702499389648">
                    <pc:Unicode>Der uns erwarb das Leben/</pc:Unicode>
                </pc:TextEquiv>
            </pc:TextLine>
            <pc:TextLine id="region0007_line0004">
                <pc:Coords points="359,1853 1007,1853 1007,1917 359,1917"/>
                <pc:Word id="region0007_line0004_word0000">
                    <pc:Coords points="359,1860 488,1860 488,1913 359,1913"/>
                    <pc:TextEquiv conf="0.914069519042969">
                        <pc:Unicode>Deckt</pc:Unicode>
                    </pc:TextEquiv>
                </pc:Word>
                <pc:Word id="region0007_line0004_word0001">
                    <pc:Coords points="504,1868 550,1868 550,1917 504,1917"/>
                    <pc:TextEquiv conf="0.926893157958984">
                        <pc:Unicode>zu</pc:Unicode>
                    </pc:TextEquiv>
                </pc:Word>
                <pc:Word id="region0007_line0004_word0002">
                    <pc:Coords points="563,1855 617,1855 617,1905 563,1905"/>
                    <pc:TextEquiv conf="0.923269729614258">
                        <pc:Unicode>all</pc:Unicode>
                    </pc:TextEquiv>
                </pc:Word>
                <pc:Word id="region0007_line0004_word0003">
                    <pc:Coords points="636,1855 749,1855 749,1913 636,1913"/>
                    <pc:TextEquiv conf="0.919714736938477">
                        <pc:Unicode>unſer</pc:Unicode>
                    </pc:TextEquiv>
                </pc:Word>
                <pc:Word id="region0007_line0004_word0004">
                    <pc:Coords points="763,1853 1007,1853 1007,1911 763,1911"/>
                    <pc:TextEquiv conf="0.673364410400391">
                        <pc:Unicode>Miſſethat/</pc:Unicode>
                    </pc:TextEquiv>
                </pc:Word>
                <pc:TextEquiv conf="0.871462310791016">
                    <pc:Unicode>Deckt zu all unſer Miſſethat/</pc:Unicode>
                </pc:TextEquiv>
            </pc:TextLine>
            <pc:TextLine id="region0007_line0005">
                <pc:Coords points="364,1912 1140,1912 1140,1982 364,1982"/>
                <pc:Word id="region0007_line0005_word0000">
                    <pc:Coords points="364,1920 508,1920 508,1982 364,1982"/>
                    <pc:TextEquiv conf="0.870485229492188">
                        <pc:Unicode>Zahlt</pc:Unicode>
                    </pc:TextEquiv>
                </pc:Word>
                <pc:Word id="region0007_line0005_word0001">
                    <pc:Coords points="523,1912 503,1912 503,1982 523,1982"/>
                    <pc:TextEquiv conf="0.868771591186523">
                        <pc:Unicode>/</pc:Unicode>
                    </pc:TextEquiv>
                </pc:Word>
                <pc:Word id="region0007_line0005_word0002">
                    <pc:Coords points="520,1918 617,1918 617,1964 520,1964"/>
                    <pc:TextEquiv conf="0.868771591186523">
                        <pc:Unicode>was</pc:Unicode>
                    </pc:TextEquiv>
                </pc:Word>
                <pc:Word id="region0007_line0005_word0003">
                    <pc:Coords points="632,1926 671,1926 671,1962 632,1962"/>
                    <pc:TextEquiv conf="0.809027557373047">
                        <pc:Unicode>er</pc:Unicode>
                    </pc:TextEquiv>
                </pc:Word>
                <pc:Word id="region0007_line0005_word0004">
                    <pc:Coords points="683,1914 791,1914 791,1971 683,1971"/>
                    <pc:TextEquiv conf="0.809027557373047">
                        <pc:Unicode>nicht</pc:Unicode>
                    </pc:TextEquiv>
                </pc:Word>
                <pc:Word id="region0007_line0005_word0005">
                    <pc:Coords points="807,1913 1051,1913 1051,1969 807,1969"/>
                    <pc:TextEquiv conf="0.907215118408203">
                        <pc:Unicode>verſchuldet</pc:Unicode>
                    </pc:TextEquiv>
                </pc:Word>
                <pc:Word id="region0007_line0005_word0006">
                    <pc:Coords points="1063,1912 1140,1912 1140,1970 1063,1970"/>
                    <pc:TextEquiv conf="0.907446365356445">
                        <pc:Unicode>hat</pc:Unicode>
                    </pc:TextEquiv>
                </pc:Word>
                <pc:TextEquiv conf="0.862963572910854">
                    <pc:Unicode>Zahlt / was er nicht verſchuldet hat</pc:Unicode>
                </pc:TextEquiv>
            </pc:TextLine>
            <pc:TextLine id="region0007_line0006">
                <pc:Coords points="88,1971 1321,1971 1321,2035 88,2035"/>
                <pc:Word id="region0007_line0006_word0000">
                    <pc:Coords points="88,1993 92,1993 92,2007 88,2007"/>
                    <pc:TextEquiv conf="0.">
                        <pc:Unicode>—</pc:Unicode>
                    </pc:TextEquiv>
                </pc:Word>
                <pc:Word id="region0007_line0006_word0001">
                    <pc:Coords points="415,1976 562,1976 562,2035 415,2035"/>
                    <pc:TextEquiv conf="0.931743011474609">
                        <pc:Unicode>Durch</pc:Unicode>
                    </pc:TextEquiv>
                </pc:Word>
                <pc:Word id="region0007_line0006_word0002">
                    <pc:Coords points="579,1975 658,1975 658,2034 579,2034"/>
                    <pc:TextEquiv conf="0.930518951416016">
                        <pc:Unicode>ſein</pc:Unicode>
                    </pc:TextEquiv>
                </pc:Word>
                <pc:Word id="region0007_line0006_word0003">
                    <pc:Coords points="819,1971 693,1971 693,2035 819,2035"/>
                    <pc:TextEquiv conf="0.594275512695313">
                        <pc:Unicode>Blut/</pc:Unicode>
                    </pc:TextEquiv>
                </pc:Word>
                <pc:Word id="region0007_line0006_word0004">
                    <pc:Coords points="815,1971 918,1971 918,2023 815,2023"/>
                    <pc:TextEquiv conf="0.86309196472168">
                        <pc:Unicode>Tod</pc:Unicode>
                    </pc:TextEquiv>
                </pc:Word>
                <pc:Word id="region0007_line0006_word0005">
                    <pc:Coords points="937,1973 1022,1973 1022,2022 937,2022"/>
                    <pc:TextEquiv conf="0.930117645263672">
                        <pc:Unicode>und</pc:Unicode>
                    </pc:TextEquiv>
                </pc:Word>
                <pc:Word id="region0007_line0006_word0006">
                    <pc:Coords points="1036,1973 1256,1973 1256,2029 1036,2029"/>
                    <pc:TextEquiv conf="0.888934860229492">
                        <pc:Unicode>Wunden</pc:Unicode>
                    </pc:TextEquiv>
                </pc:Word>
                <pc:Word id="region0007_line0006_word0007">
                    <pc:Coords points="1257,1971 1233,1971 1233,2035 1257,2035"/>
                    <pc:TextEquiv conf="0.694235382080078">
                        <pc:Unicode>/</pc:Unicode>
                    </pc:TextEquiv>
                </pc:Word>
                <pc:Word id="region0007_line0006_word0008">
                    <pc:Coords points="1266,1981 1321,1981 1321,2023 1266,2023"/>
                    <pc:TextEquiv conf="0.694235382080078">
                        <pc:Unicode>ꝛc.</pc:Unicode>
                    </pc:TextEquiv>
                </pc:Word>
                <pc:TextEquiv conf="0.836350301106771">
                    <pc:Unicode>— Durch ſein Blut/ Tod und Wunden / ꝛc.</pc:Unicode>
                </pc:TextEquiv>
            </pc:TextLine>
            <pc:TextEquiv conf="0.859789585775259">
                <pc:Unicode>Der Menſch fuͤr GOtt wohl ſelig iſt /
Dem die Suͤnd iſt vergeben /
Auß lauter Gnad durch SEſum Chriſt /
Der uns erwarb das Leben/
Deckt zu all unſer Miſſethat/
Zahlt / was er nicht verſchuldet hat
— Durch ſein Blut/ Tod und Wunden / ꝛc.</pc:Unicode>
            </pc:TextEquiv>
        </pc:TextRegion>
        <pc:TextRegion id="region0008" orientation="0.035025076661697" readingDirection="left-to-right" textLineOrder="top-to-bottom">
            <pc:Coords points="649,2092 1047,2092 1047,2145 649,2145"/>
            <pc:TextLine id="region0008_line0000">
                <pc:Coords points="649,2092 1047,2092 1047,2145 649,2145"/>
                <pc:Word id="region0008_line0000_word0000">
                    <pc:Coords points="649,2092 697,2092 697,2145 649,2145"/>
                    <pc:TextEquiv conf="0.55193603515625">
                        <pc:Unicode>A</pc:Unicode>
                    </pc:TextEquiv>
                </pc:Word>
                <pc:Word id="region0008_line0000_word0001">
                    <pc:Coords points="760,2092 817,2092 817,2144 760,2144"/>
                    <pc:TextEquiv conf="0.55193603515625">
                        <pc:Unicode>M</pc:Unicode>
                    </pc:TextEquiv>
                </pc:Word>
                <pc:Word id="region0008_line0000_word0002">
                    <pc:Coords points="878,2092 915,2092 915,2143 878,2143"/>
                    <pc:TextEquiv conf="0.811594085693359">
                        <pc:Unicode>E</pc:Unicode>
                    </pc:TextEquiv>
                </pc:Word>
                <pc:Word id="region0008_line0000_word0003">
                    <pc:Coords points="1047,2092 959,2092 959,2145 1047,2145"/>
                    <pc:TextEquiv conf="0.674254302978516">
                        <pc:Unicode>N.</pc:Unicode>
                    </pc:TextEquiv>
                </pc:Word>
                <pc:TextEquiv conf="0.647430114746094">
                    <pc:Unicode>A M E N.</pc:Unicode>
                </pc:TextEquiv>
            </pc:TextLine>
            <pc:TextEquiv conf="0.647430114746094">
                <pc:Unicode>A M E N.</pc:Unicode>
            </pc:TextEquiv>
        </pc:TextRegion>
        <pc:TextRegion id="region0015" orientation="0.035025076661697" readingDirection="left-to-right" textLineOrder="top-to-bottom">
            <pc:Coords points="851,2746 1781,2746 1781,2800 851,2800"/>
            <pc:TextLine id="region0015_line0000">
                <pc:Coords points="851,2746 1781,2746 1781,2800 851,2800"/>
                <pc:Word id="region0015_line0000_word0000">
                    <pc:Coords points="851,2746 1020,2746 1020,2800 851,2800"/>
                    <pc:TextEquiv conf="0.920466766357422">
                        <pc:Unicode>Herzog</pc:Unicode>
                    </pc:TextEquiv>
                </pc:Word>
                <pc:Word id="region0015_line0000_word0001">
                    <pc:Coords points="1035,2747 1203,2747 1203,2800 1035,2800"/>
                    <pc:TextEquiv conf="0.916496353149414">
                        <pc:Unicode>August</pc:Unicode>
                    </pc:TextEquiv>
                </pc:Word>
                <pc:Word id="region0015_line0000_word0002">
                    <pc:Coords points="1224,2746 1462,2746 1462,2788 1224,2788"/>
                    <pc:TextEquiv conf="0.304257507324219">
                        <pc:Unicode>Bibliothek</pc:Unicode>
                    </pc:TextEquiv>
                </pc:Word>
                <pc:Word id="region0015_line0000_word0003">
                    <pc:Coords points="1479,2746 1781,2746 1781,2789 1479,2789"/>
                    <pc:TextEquiv conf="0.884084625244141">
                        <pc:Unicode>Wolfenbüttel</pc:Unicode>
                    </pc:TextEquiv>
                </pc:Word>
                <pc:TextEquiv conf="0.756326313018799">
                    <pc:Unicode>Herzog August Bibliothek Wolfenbüttel</pc:Unicode>
                </pc:TextEquiv>
            </pc:TextLine>
            <pc:TextEquiv conf="0.756326313018799">
                <pc:Unicode>Herzog August Bibliothek Wolfenbüttel</pc:Unicode>
            </pc:TextEquiv>
        </pc:TextRegion>
        <pc:TextRegion id="region0016" orientation="0.035025076661697" readingDirection="left-to-right" textLineOrder="top-to-bottom">
            <pc:Coords points="852,2819 1743,2819 1743,2909 852,2909"/>
            <pc:TextLine id="region0016_line0000">
                <pc:Coords points="852,2819 1743,2819 1743,2909 852,2909"/>
                <pc:Word id="region0016_line0000_word0000">
                    <pc:Coords points="852,2829 1101,2829 1101,2902 852,2902"/>
                    <pc:TextEquiv conf="0.">
                        <pc:Unicode>e</pc:Unicode>
                    </pc:TextEquiv>
                </pc:Word>
                <pc:Word id="region0016_line0000_word0001">
                    <pc:Coords points="1160,2830 1162,2830 1162,2870 1160,2870"/>
                    <pc:TextEquiv conf="0.">
                        <pc:Unicode>e</pc:Unicode>
                    </pc:TextEquiv>
                </pc:Word>
                <pc:Word id="region0016_line0000_word0002">
                    <pc:Coords points="1245,2819 1348,2819 1348,2909 1245,2909"/>
                    <pc:TextEquiv conf="0.">
                        <pc:Unicode>reſne</pc:Unicode>
                    </pc:TextEquiv>
                </pc:Word>
                <pc:Word id="region0016_line0000_word0003">
                    <pc:Coords points="1388,2828 1554,2828 1554,2878 1388,2878"/>
                    <pc:TextEquiv conf="0.">
                        <pc:Unicode>Gesce</pc:Unicode>
                    </pc:TextEquiv>
                </pc:Word>
                <pc:Word id="region0016_line0000_word0004">
                    <pc:Coords points="1620,2825 1743,2825 1743,2905 1620,2905"/>
                    <pc:TextEquiv conf="0.520694198608398">
                        <pc:Unicode>I</pc:Unicode>
                    </pc:TextEquiv>
                </pc:Word>
                <pc:TextEquiv conf="0.90413883972168">
                    <pc:Unicode>e e reſne Gesce I</pc:Unicode>
                </pc:TextEquiv>
            </pc:TextLine>
            <pc:TextEquiv conf="0.90413883972168">
                <pc:Unicode>e e reſne Gesce I</pc:Unicode>
            </pc:TextEquiv>
        </pc:TextRegion>
        <pc:ImageRegion id="region0000" orientation="0.035025076661697">
            <pc:Coords points="0,0 2293,0 2293,3120 0,3120"/>
        </pc:ImageRegion>
        <pc:SeparatorRegion id="region0001">
            <pc:Coords points="196,252 1667,252 1667,257 196,257"/>
        </pc:SeparatorRegion>
        <pc:SeparatorRegion id="region0004">
            <pc:Coords points="1058,339 1647,339 1647,344 1058,344"/>
        </pc:SeparatorRegion>
        <pc:SeparatorRegion id="region0005">
            <pc:Coords points="208,342 620,342 620,350 208,350"/>
        </pc:SeparatorRegion>
        <pc:SeparatorRegion id="region0009">
            <pc:Coords points="232,2297 1478,2297 1478,2313 232,2313"/>
        </pc:SeparatorRegion>
        <pc:SeparatorRegion id="region0010">
            <pc:Coords points="1661,267 1685,267 1685,2359 1661,2359"/>
        </pc:SeparatorRegion>
        <pc:SeparatorRegion id="region0011">
            <pc:Coords points="159,271 193,271 193,2377 159,2377"/>
        </pc:SeparatorRegion>
        <pc:SeparatorRegion id="region0012">
            <pc:Coords points="1486,364 1510,364 1510,2345 1486,2345"/>
        </pc:SeparatorRegion>
        <pc:SeparatorRegion id="region0013">
            <pc:Coords points="164,509 188,509 188,2377 164,2377"/>
        </pc:SeparatorRegion>
        <pc:SeparatorRegion id="region0014">
            <pc:Coords points="202,2384 1680,2384 1680,2396 202,2396"/>
        </pc:SeparatorRegion>
    </pc:Page>
</pc:PcGts>
