2293 3120
539 257 635 327 Vom
665 260 904 327 verlohrnen
918 257 1067 324 Sohn.

163 363 215 396 ein
229 354 567 405 verzehrendes
469 340 545 405 Feur
561 340 579 405 /
589 358 751 393 darinnen
762 358 809 391 die
819 344 998 390 Muͤcklein
1017 348 1076 397 ſich
1090 349 1311 386 verbrennen:
1335 339 1388 380 Er
1404 338 1462 387 hat

91 410 224 456 lſemm
235 407 416 447 Schwerdt
427 408 653 454 gewetzet
571 394 588 456 /
598 394 648 456 und
664 403 767 450 ſeinen
775 403 905 449 Bogen
920 398 1105 447 geſpannet
1099 394 1116 456 /
1117 401 1188 436 und
1201 392 1338 439 darauff
1354 394 1457 439 gelegt

92 486 228 509 ttödl
240 444 294 509 che
305 458 451 504 Geſchoß
468 468 568 504 gegen
582 461 628 493 die
635 448 804 494 Suͤnder
793 444 806 509 /
819 456 849 501 ſo
861 447 1011 500 boͤſes
982 444 1019 509 im
1021 449 1128 488 Sinn
1139 448 1256 498 haben
1249 444 1269 509 /
1269 444 1401 494 Pſalm.
1410 454 1453 480 u.

92 509 262 551 Man
273 512 369 557 ſihets
377 511 501 548 etlicher
511 506 640 553 maſſen
637 497 654 557 /
652 517 698 545 an
710 505 866 554 ſchweren
877 501 999 550 groſſen
1021 497 1155 557 Wettern
1170 508 1179 535 /
1189 502 1248 537 wie
1256 496 1371 544 ſchwer
1382 497 1453 533 und

164 557 343 608 ſchröcklich
362 558 510 600 GOttes
527 557 620 607 Zorn
639 557 712 604 ſeye.
765 556 855 597 Das
866 556 903 601 iſt
923 564 987 592 nur
997 556 1047 592 ein
1060 542 1181 601 kleines
1203 542 1273 601 Bild
1289 542 1414 601 deſſelben
1439 551 1451 583 /

163 618 232 650 und
245 618 297 650 der
307 611 446 657 Menſch
456 610 535 658 weiß
546 611 645 654 dabey
658 609 744 647 nicht
754 617 805 644 wo
818 617 851 644 er
861 604 986 653 hinauß
998 603 1068 651 ſoll
1063 601 1075 658 /
1080 607 1139 642 wie
1148 604 1230 641 wird
1242 607 1280 639 es
1295 604 1387 637 dann
1402 601 1452 634 de⸗

165 674 229 701 nen
240 662 385 710 ergehen
373 649 391 710 /
395 666 444 700 die
452 662 532 708 ohne
541 658 679 700 Mittler
688 655 743 705 fur
752 657 866 696 Goaz
877 657 1026 694 kommen
1038 655 1178 693 wollen?
1192 652 1283 690 Nun
1294 649 1453 698 Chriſtus

165 714 301 758 iſtunſer
311 711 604 757 Gnaden⸗Stuhl
596 700 614 758 /
623 710 760 749 welchen
773 722 794 744 1.
806 707 920 747 Gozz
937 705 1021 755 ſelbſt
1038 708 1138 745 neben
1157 709 1218 743 den
1228 702 1343 753 Thron
1357 700 1455 746 ſeiner

165 764 396 811 Gerechtigkeit
408 762 595 810 geſetzet
535 751 581 811 hat
591 751 603 811 /
608 766 676 799 und
684 761 788 809 ſeinen
798 758 890 808 Zorn
901 753 1041 797 darüber
1052 756 1167 805 fahren
1179 752 1260 803 laͤßt.
1292 765 1323 791 2.
1341 751 1402 799 Iſt
1413 757 1452 787 es

94 822 313 869 chronus
328 824 548 869 apertus,
497 807 552 869 ein
558 812 791 861 offentlicher
804 807 1160 859 Gnaden⸗Stuhl/
1175 812 1266 846 dann
1274 803 1389 842 Gorz
1401 802 1458 850 hat

165 867 222 913 ihn
234 866 348 912 geſetzet
361 871 434 903 oder
452 864 657 911 fuͤrgeſtellet
679 863 823 910 Rom.
806 858 844 913 z.
877 859 929 899 Er
942 859 1032 907 ſiehet
1050 863 1134 899 nicht
1154 859 1243 906 mehr
1260 858 1364 903 hinter
1384 859 1458 892 dem

166 912 332 965 Fuͤrhang
345 920 413 954 und
425 910 637 963 Fuͤrbildern
629 907 646 965 /
651 912 785 961 ſondern
799 922 859 951 wir
870 911 972 960 haben
981 909 1145 958 nunmehr
1158 910 1229 946 alle
1218 907 1235 965 /
1239 907 1323 947 nicht
1334 915 1398 944 nur
1407 907 1462 941 der

166 969 405 1015 Hoheprieſter
400 959 417 1016 /
416 970 508 1004 einen
522 964 666 1016 Zugang
675 969 743 1001 und
751 962 877 1012 Zutritt
893 971 927 1004 zu
937 961 1039 1009 Ihm.
1085 974 1099 1003 3
1133 959 1193 1007 Iſt
1203 959 1390 997 ertbronus
1403 966 1460 989 ve-

25 1043 30 1053 .
168 1032 234 1061 rus,
249 1021 307 1059 ein
320 1016 608 1070 warhafftiger
593 1008 610 1070 /
620 1014 698 1057 nicht
714 1008 923 1070 eingebildeter
936 1012 1066 1058 falſcher
1078 1003 1463 1055 Gnaden⸗Stuhl
1364 1003 1374 1059 /
1389 1003 1463 1059 nicht

165 1080 226 1109 wie
237 1076 284 1107 die
308 1060 421 1113 Kalber
436 1079 472 1109 zu
483 1068 609 1113 Bethel
622 1073 690 1105 und
701 1066 801 1107 Dan.
853 1064 938 1102 Wir
950 1061 1043 1109 laſſen
1058 1070 1116 1101 den
1128 1063 1265 1108 Heyden
1281 1061 1347 1109 ihre
1363 1060 1464 1105 ſium⸗

169 1131 221 1159 me
231 1117 362 1165 Goͤtzen
352 1107 369 1165 /
373 1125 473 1158 denen
483 1119 520 1164 ſie
533 1116 761 1161 nachlauffen;
783 1121 843 1154 den
851 1115 971 1162 Juden
981 1116 1045 1160 ihre
1052 1112 1294 1161 Wallfarchen
1287 1107 1298 1165 /
1309 1115 1410 1149 denen
1423 1107 1461 1156 ſie

169 1183 228 1210 wie
246 1175 312 1210 eine
324 1170 482 1209 Camelin
496 1173 532 1207 in
552 1172 603 1206 der
630 1169 745 1213 Brunſt
760 1157 956 1213 nachlauffen
972 1175 981 1203 /
992 1164 1094 1211 Jer.
1103 1172 1171 1207 2/24.
1221 1157 1279 1213 Den
1313 1157 1463 1213 Türcken

167 1222 257 1271 ihres
266 1220 472 1269 Mahomets
483 1218 581 1257 Grab
594 1228 629 1261 zu
643 1217 792 1261 Mecha;
813 1217 883 1259 Die
894 1217 1051 1265 Papiſten
1064 1214 1160 1262 laſſen
1174 1225 1234 1252 wir
1249 1213 1373 1253 lauffen
1390 1219 1463 1252 zum

170 1274 219 1320 H.
231 1272 342 1312 Grab
336 1262 348 1320 /
350 1271 430 1312 nach
441 1270 641 1318 Compoſtel
639 1262 650 1320 /
650 1269 786 1308 Loretto
782 1262 793 1320 /
795 1268 1000 1313 Einſidel
947 1262 964 1320 /
974 1262 1030 1320 kc.
1051 1262 1106 1320 Wir
1134 1268 1253 1305 bleiben
1261 1274 1307 1303 an
1319 1262 1466 1312 Chriſto
1458 1262 1466 1320 /

169 1324 200 1373 ſo
225 1324 317 1370 fehlet
338 1330 376 1361 es
392 1330 463 1362 uns
475 1322 571 1363 nicht.
623 1335 654 1363 4.
679 1320 843 1355 Thronus
864 1318 1048 1354 omniſcius
1069 1323 1103 1353 &
1125 1314 1375 1364 omnipræſens,
1405 1313 1465 1353 ein

169 1373 528 1425 allgegenwaͤrtiger
539 1375 620 1413 und
633 1369 877 1419 allwiſſender
889 1366 1338 1414 Gnaden⸗Stuhl
1248 1366 1338 1425 nicht
1352 1375 1418 1403 nur
1429 1373 1464 1405 zu

171 1424 361 1466 Samaria
354 1413 371 1471 /
374 1430 448 1462 oder
460 1423 663 1471 Jeruſalem
651 1413 668 1471 /
679 1420 1053 1466 ſondernallenthalben
1052 1413 1069 1471 /
1067 1431 1118 1458 wo
1130 1429 1208 1456 man
1222 1417 1303 1465 Ihn
1315 1421 1361 1454 im
1375 1413 1466 1459 Geiſt

169 1481 239 1515 und
250 1480 285 1515 in
296 1480 349 1513 der
359 1474 518 1522 Warheit
529 1474 668 1512 anbetet
667 1463 685 1522 /
678 1471 807 1519 Joh.
790 1463 830 1522 4.
839 1471 1003 1520 Zwiſchen
1018 1470 1130 1509 Gozz
1139 1472 1208 1506 und
1216 1470 1298 1506 allen
1309 1463 1467 1511 Menſch⸗

171 1534 223 1567 en
237 1525 342 1566 /.Tim
355 1538 385 1563 2.
442 1538 472 1569 J.
495 1524 664 1558 Thronus
680 1524 809 1562 unicus,
823 1524 882 1562 ein
895 1523 1057 1573 einiger
1041 1513 1060 1573 /
1068 1520 1266 1569 alleiniger
1277 1513 1467 1562 Gnaden⸗

173 1577 348 1630 Thron
323 1568 345 1630 /
375 1576 466 1620 ſtellet
483 1585 563 1613 man
586 1575 653 1620 ihm
665 1572 798 1621 Dagon
820 1577 894 1612 oder
907 1577 998 1612 einen
1013 1575 1139 1611 andern
1152 1581 1197 1610 an
1221 1573 1269 1609 die
1288 1568 1405 1609 Seite
1398 1566 1413 1619 /
1438 1566 1469 1614 ſo

171 1634 252 1668 wird
261 1638 336 1670 er
309 1621 346 1670 zu
351 1626 554 1670 Schanden
552 1621 571 1670 /
593 1637 594 1660 1
608 1623 755 1667 Sam.
735 1621 782 1670 4.
810 1632 840 1658 6.
865 1623 1029 1658 Thronus
1042 1623 1273 1661 mediatorius,
1285 1621 1461 1658 tectorius,

176 1682 229 1727 pla
254 1691 394 1715 atorius,
404 1678 590 1716 oratorius,
605 1677 665 1717 ein
686 1673 1047 1723 Mittler⸗Schutz⸗
1058 1670 1264 1723 Verſoͤhn⸗
1273 1674 1352 1712 und
1365 1671 1469 1714 Bet⸗

162 1723 346 1796 Thron/
355 1731 455 1772 dabey
476 1738 555 1765 man
566 1732 618 1764 der
629 1724 818 1767 Goͤttlichen
833 1719 980 1772 Fuͤrbitt
981 1719 997 1776 /
990 1724 1168 1768 Schutzes
1174 1719 1190 1776 /
1179 1724 1306 1764 Gnade
1321 1728 1390 1760 und
1402 1720 1468 1760 Er⸗

163 1778 301 1828 hoͤrung
311 1779 414 1827 gewiß
427 1778 590 1823 verſichert
601 1778 648 1818 iſt.
677 1776 801 1823 Dahin
814 1778 883 1820 laßt
892 1784 964 1815 uns
977 1787 1048 1814 nun
1061 1775 1187 1820 fliehen/
1199 1778 1268 1813 und
1279 1777 1340 1811 mit
1349 1773 1469 1820 Paulo

171 1831 338 1879 ſprechen;
364 1831 421 1872 ich
447 1827 588 1877 beruffe
616 1827 714 1875 mich
732 1824 894 1873 darauff
899 1832 919 1867 /
945 1830 1008 1865 der
1024 1826 1069 1871 iſt
1093 1824 1185 1865 uͤber
1207 1828 1278 1864 den
1304 1821 1467 1870 Kayſer.

170 1884 299 1924 Wann
310 1892 376 1920 von
385 1885 463 1918 oben
477 1879 532 1926 her
544 1885 595 1917 der
608 1877 701 1927 Zorn
715 1875 878 1916 GOttes
869 1872 880 1927 /
894 1874 1064 1918 innerhalb
1075 1879 1141 1912 das
1158 1876 1289 1918 verletzte
1301 1872 1465 1919 Gewiſſen

172 1932 288 1974 wuͤtet
285 1924 302 1980 /
312 1934 342 1980 ſo
360 1932 427 1972 laßt
438 1938 509 1969 uns
523 1931 622 1979 dahin
645 1928 746 1976 ſehen
738 1924 755 1980 /
761 1926 837 1971 auff
850 1926 961 1974 dieſem
972 1925 1087 1973 Thron
1098 1927 1207 1967 reichet
1223 1925 1338 1965 Gozz
1357 1924 1463 1971 ſeinen

100 1981 334 2034 guͤldenen
346 1980 726 2029 Abſolutions⸗Scepter
734 1990 832 2027 gegen
841 1985 971 2017 uns
912 1974 928 2034 /
944 1974 971 2034 da
980 1978 1088 2024 finden
1099 1989 1159 2017 wir
1168 1983 1228 2016 den
1238 1980 1358 2017 rechten
1378 1971 1466 2027 Mict⸗

171 2040 217 2079 ler
228 2044 297 2078 und
309 2031 487 2084 Fuͤrſprech
497 2026 508 2084 /
515 2043 550 2077 zu
564 2039 635 2072 dem
649 2032 717 2078 laßt
729 2038 801 2070 uns
820 2034 880 2068 mit
891 2034 943 2068 der
954 2028 1167 2077 Chriſtlichen
1175 2029 1321 2074 Kirchen
1337 2026 1466 2076 ruffen:

101 2124 104 2134 —
338 2095 473 2140 Allein
489 2104 536 2143 zu
555 2094 615 2134 dir
631 2090 759 2140 HErz
773 2087 899 2142 JEſu
915 2088 1065 2138 Chriſt
1049 2087 1065 2143 /

420 2145 544 2191 Mein
558 2144 774 2193 Hoffnung
789 2141 878 2194 ſteht
890 2138 980 2189 auff
985 2138 1141 2184 Erden
1120 2138 1141 2194 /

345 2194 430 2250 Ich
444 2195 562 2242 weiß/
573 2200 620 2235 daß
665 2196 716 2233 du
740 2194 841 2234 mein
851 2192 1035 2240 Heyland
1051 2190 1141 2239 biſt/

426 2246 529 2292 Kein
542 2244 669 2294 Troſt
682 2253 773 2294 mag
793 2253 867 2283 mir
887 2242 984 2292 ſonſt
996 2244 1163 2284 werden
1143 2242 1160 2294 /
1174 2250 1220 2283 ꝛc.

855 2748 1024 2802 Herzog
1039 2748 1207 2802 August
1228 2748 1466 2790 Bibliothel
1483 2748 1785 2791 Wolfenbüttel

855 2830 1105 2904 e
1163 2832 1166 2879 e
1256 2821 1352 2911 eee
1391 2830 1558 2880 Gesce
1608 2821 1747 2911 II

969 2915 981 2947 1
1334 2917 1356 2947 4

848 2915 868 2947 0
1092 2915 1112 2947 2
1217 2916 1237 2948 3
