1168 2020
299 129 331 159 2
555 112 668 159 "Die
692 110 860 162 Räuber;
1147 109 1157 146 ;

301 219 428 254 meinent
450 217 555 256 Sohne
575 216 688 256 {Ohreibt
709 215 759 249 er?
779 230 820 238 —
840 213 896 247 wie
915 212 1030 255 Fommft
1050 217 1088 248 dır
1108 223 1146 258 zu

301 276 388 315 diefer
410 270 596 313 Beforgnif
589 268 607 315 ?
618 270 670 304 Du
689 268 748 308 haft
769 269 840 306 mich
857 271 996 308 zweymal
1015 271 1143 310 gefragt.

342 328 458 364 Sranz.
502 326 597 358 Wenn
618 323 660 361 ihr
681 322 763 355 Frank
784 322 844 361 feyd
871 338 913 345 —
933 328 988 351 nur
1006 322 1048 353 die
1067 320 1144 359 leifes

300 383 339 422 fte
361 384 507 420 Ahndung
530 378 598 416 habt
620 379 651 407 e&
672 384 705 415 zu
728 378 857 412 werden,
879 376 907 415 fo
930 374 992 413 laßt
1012 374 1083 408 mich
1099 387 1141 396 —

298 435 341 473 id)
363 434 423 466 will
444 441 480 472 zu
501 432 658 472 gelequerer
679 429 740 469 Zeit
760 438 794 470 zu
815 429 879 466 eucd)
906 429 1002 462 reden,
1032 434 1081 459 Halb
1102 437 1141 456 vor

297 496 345 528 fie.
388 487 477 527 Diefe
491 486 612 528 Zeitung
626 483 658 525 ift
678 483 752 522 nicht
773 481 820 524 für
835 482 914 515 einen
929 480 1140 521 zerbrechlichen

294 542 420 583 Körper.

335 598 382 629 DD.
406 604 439 629 Q.
462 594 585 628 Moor.
628 590 721 625 Gott!
744 590 836 625 Gott!
858 590 924 622 was
939 590 1013 621 werd
1028 588 1069 625 ich
1090 584 1139 626 hös

293 638 369 672 ren?

336 660 457 723 Franz.
500 672 571 712 Laßt
592 673 664 710 mich
685 671 787 710 vorerft
805 651 861 711 auf
879 671 922 705 die
943 671 1030 705 Seite
1050 669 1136 710 gehn,

292 733 352 763 und
375 730 438 761 eine
457 724 555 761 Träne
578 729 628 758 des
642 725 779 760 Mitleids
796 724 943 764 vergießen
957 733 1007 757 um
1022 724 1135 755 meinen

291 784 443 816 verlornen
466 781 580 813 Bruder
598 795 640 801 —
661 779 700 816 ich
722 779 799 817 follte
820 777 969 817 fhweigen
991 777 1047 815 auf
1062 776 1134 817 ewig

291 852 332 860 —
354 838 428 867 denn
455 842 484 864 er
505 833 537 871 if
561 840 624 865 euer
638 831 747 869 Sohn:
770 830 825 867 Ich
837 830 913 868 follte
928 830 999 867 feine
1017 830 1132 865 Schans

290 891 324 922 de
345 885 492 924 verhüllen
507 887 563 927 auf
581 886 651 926 ewig
672 901 713 908 —
732 888 804 916 denn.
818 893 846 916 er
866 883 899 923 if
913 885 990 917 mein
1006 884 1133 916 Bruder.
1163 880 1168 893 |

288 960 332 968 —
360 943 438 976 Mber
466 942 530 985 euch
559 939 709 980 gehorchen,
737 937 769 975 ift
793 937 884 970 meine.
912 937 979 978 erfte
1006 935 1136 977 traurige

288 997 397 1037 Yflidht
419 1010 460 1018 —
482 996 583 1026 darum
604 991 718 1032 vergebt
738 991 803 1024 mir,

329 1052 377 1085 D.
399 1057 433 1082 a.
457 1048 581 1082 Moor,
622 1047 652 1080 D
672 1038 759 1085 Karl!
782 1042 865 1085 Karl!
886 1040 1006 1082 wiißteft
1023 1042 1059 1072 dur
1076 1040 1131 1073 wie
1155 1038 1163 1058 |

286 1105 368 1138 Beine
389 1098 574 1142 Aufführung
597 1102 652 1132 das
675 1096 830 1136 Baterherz
851 1095 964 1135 foltert!
991 1092 1054 1128 Wie
1069 1094 1132 1128 eine

286 1159 395 1200 einzige
418 1157 499 1196 frohe
520 1151 673 1188 Nachricht
689 1157 744 1181 von
766 1149 808 1181 dir
829 1148 949 1180 meinem
976 1145 1061 1180 Leben
1089 1146 1168 1185 zes

284 1213 340 1251 hen
362 1210 457 1248 Jahre
479 1209 596 1248 zufegen
617 1201 713 1237 würde
734 1217 773 1226 —
794 1201 864 1239 mid)
887 1208 951 1240 zum
982 1192 1129 1242 FJüngling

283 1266 404 1301 machen
424 1259 522 1294 würde
545 1274 600 1281 —
615 1260 651 1290 da
669 1254 740 1291 mich
760 1264 820 1287 nun
841 1253 911 1293 jede,
932 1251 999 1290 ach!
1030 1264 1071 1271 —
1092 1248 1129 1280 elz

283 1325 341 1351 nen
363 1316 483 1353 Schritt
503 1309 590 1349 näher
610 1312 668 1342 ans
688 1309 772 1342 Grab
794 1308 885 1345 rügt!

322 1368 445 1411 Franz.
487 1365 536 1404 Sl
557 1368 589 1397 e6
604 1366 671 1399 das,
682 1361 764 1395 "alter
779 1362 880 1397 Mann
903 1358 930 1397 fo
943 1354 1000 1389 lebt
1015 1353 1070 1387 wol
1085 1353 1144 1377 —/
1151 1362 1167 1467 |

280 1425 336 1459 wir
355 1424 411 1456 alle
432 1418 550 1453 würden
573 1418 642 1455 noch
665 1416 745 1453 heute
775 1414 818 1447 die
838 1415 940 1455 Haare
966 1407 1128 1446 ‚ausraufen

280 1476 352 1511 Hiber
374 1484 472 1509 euren
493 1474 607 1512 Sarge.

323 1533 371 1564 D.
393 1526 426 1562 A,
447 1528 595 1561 Noor.«
610 1521 720 1564 Bleib
709 1514 729 1564 !
738 1536 779 1543 —
800 1518 844 1553 Es
866 1515 899 1553 ift
913 1512 989 1548 noch
1009 1519 1056 1543 um
1071 1510 1126 1541 den
1160 1522 1164 1548 |

260 1565 269 1569 .
280 1584 392 1618 Heinen
413 1580 529 1625 Fürzen
534 1575 652 1612 Schritt
672 1582 706 1612 zu
729 1575 801 1610 thun
821 1586 860 1594 —
891 1568 939 1606 laß
961 1566 1019 1603 ihm
1036 1558 1133 1604 feinen;
1143 1584 1158 1613 A

281 1636 413 1674 Millen,
432 1638 506 1663 indem
525 1641 548 1662 er
567 1629 607 1662 Ach‘
635 1632 757 1663 niedestege,
797 1624 856 1661 ‚Die
886 1618 1013 1657 Sünden,
1039 1614 1142 1657 feiner

452 1680 454 1684 :
1005 1660 1159 1736 „Bären
