1122 1493
110 132 346 181 Jeſus:vñ
289 132 343 187 als
358 132 427 187 offt
442 135 492 174 ein
502 134 633 187 ſpꝛung
642 136 696 173 ein
715 136 794 174 kꝛun
809 132 868 187 die
879 134 994 184 fte

101 184 165 221 en
184 186 273 223 noch
286 185 335 223 huet
391 186 433 236 By
438 185 568 237 pedem
579 184 650 237 bꝛun
670 184 738 237 iſt.
742 197 807 224 ccc.
815 194 873 234 tag
880 185 933 226 ab

101 233 140 269 las.
190 235 222 273 vñ
241 239 278 273 in
291 236 351 273 der
370 233 495 287 kirchen
510 233 610 287 iſt.c.
624 244 676 287 tag
687 237 928 280 ablas.

118 286 161 320 A
254 286 349 321 vnſer
359 285 472 333 lieben
481 286 534 323 fra
554 285 594 321 we
614 291 649 335 zu
669 287 729 323 der
733 285 938 335 botſchafft

113 295 168 385 I
192 291 264 391 die
274 336 321 385 lyt
329 335 391 372 hin
402 336 461 385 vſʒ
467 335 522 373 als
544 336 581 372 mã
600 340 636 382 zu
653 335 672 374 ſant
668 333 935 374 Sebaſtian

102 395 174 434 get.
180 384 230 422 da
234 384 280 423 iſt
288 386 469 436 vergebũg
480 385 591 423 aller
588 386 836 438 ſũde.ʒvelches
848 396 930 438 men

103 435 182 474 ſche
193 435 242 471 dla
251 435 286 472 in
297 435 430 485 hilgers
444 436 532 487 ſygſe
554 435 680 487 komet.
699 435 734 487 Es
754 437 828 473 ſtet
849 435 936 487 auch

101 485 157 521 ein
165 492 272 533 crutʒ
279 493 297 533 z
300 487 428 523 yiſchẽ
438 487 505 523 der
515 484 612 522 kirch
623 486 667 523 e
677 485 751 523 ſant
764 486 932 525 Sebaſtiã

97 533 144 572 da
156 535 282 572 wurde
294 534 360 573 die.
371 537 395 580 x.
406 523 514 586 tuſent
524 523 626 586 ritter
637 523 774 586 ẽrſebla
873 542 974 560 gen.

99 593 141 614 d
200 585 347 624 mine
356 584 408 638 quo
408 585 618 637 vadis.
575 584 613 638 Bp
625 584 690 623 der
703 585 814 624 ſelben
824 585 925 638 capel

99 594 337 685 eg
378 642 451 686 ee
460 633 537 672 ſant
559 629 658 687 Peter
678 636 787 673 vnſerẽ
790 636 925 687 herren

94 681 138 719 p
146 685 232 734 trug
243 684 298 722 ein
309 694 407 734 crutʒ
416 685 464 722 da
480 681 555 738 ſant
577 690 675 730 Peter
685 685 774 724 )volt
780 687 926 738 geflogẽ

90 730 196 777 lin
156 730 196 782 võ
203 735 305 771 Rom
316 734 361 772 vñ
372 734 489 772 foꝛcht
501 735 560 772 die
567 743 707 782 marter.
720 736 767 773 da
779 741 925 781 Petrus

91 781 177 824 Jeſũ
190 783 227 820 dẽ
231 783 341 830 herrẽ
349 783 430 822 ſach
440 784 489 822 da
500 783 619 834 ſpꝛach
628 794 665 822 er
671 788 719 835 zu
728 787 791 824 im:
805 792 966 834 Herre

91 834 153 869 vo
162 831 262 875 wiltu
276 832 350 871 hin.
365 833 455 881 qeſus
468 834 670 884 ſpꝛach:
617 831 665 886 ich
678 835 738 876 vil
744 839 851 886 gen
856 846 920 875 Rom

54 885 139 926 oll
165 881 212 919 il
233 883 308 921 mich
328 881 402 936 noch
422 881 491 936 eins
512 881 619 936 laſſen
638 889 820 936 crutzigen.
836 895 921 932 Pe⸗

91 936 180 969 trus
190 931 369 981 ſpꝛach.
375 941 410 972 Her
419 943 473 984 du
481 934 562 972 haſt
569 935 782 985 geſpꝛochen
800 945 850 975 du
858 939 914 975 ko

87 984 175 1019 meſt
186 983 239 1037 nit
258 983 311 1037 mer
327 984 382 1024 off
388 984 448 1023 die
455 985 660 1033 erde.qeſus
672 985 792 1035 ſpꝛach
803 986 915 1037 ſchat

85 1029 99 1066 o
153 1029 200 1083 pff
220 1029 268 1083 ich
280 1029 424 1081 ſtan.
385 1029 423 1083 da
442 1033 515 1072 ſach
540 1038 660 1079 Petrus
680 1045 748 1083 das
769 1042 832 1073 der
843 1038 925 1077 her

90 1087 127 1117 re
138 1075 209 1136 ſtũt
220 1075 273 1136 vff
282 1084 347 1134 eim
356 1083 504 1123 ſtein:
470 1075 501 1136 vñ
511 1084 645 1123 hat
593 1075 629 1136 da
654 1087 689 1123 in
697 1088 844 1136 getrettẽ
853 1089 936 1126 als

86 1130 160 1169 Wer
168 1130 219 1182 der
239 1130 324 1182 ſtein
335 1133 394 1171 ein
415 1134 506 1173 ſchne
514 1133 560 1172 vñ
567 1136 752 1174 verſwant.
760 1138 919 1182 Petrus

72 1182 169 1231 ging
179 1182 294 1220 wider
331 1193 374 1221 gen
384 1185 504 1222 Rome
513 1184 588 1223 ond
603 1183 684 1236 leyd
703 1189 761 1224 die
777 1186 915 1228 marter

85 1228 285 1282 williglich.
296 1228 331 1288 Da
347 1236 416 1282 iſt.
426 1235 484 1278 ccc.
494 1238 543 1283 ſar
545 1234 655 1275 ablas
664 1228 739 1288 alle
755 1250 838 1273 tage.
