<?xml version="1.0" encoding="UTF-8"?>
<pc:PcGts xmlns:pc="http://schema.primaresearch.org/PAGE/gts/pagecontent/2019-07-15" xmlns:xsi="http://www.w3.org/2001/XMLSchema-instance" xsi:schemaLocation="http://schema.primaresearch.org/PAGE/gts/pagecontent/2019-07-15 http://schema.primaresearch.org/PAGE/gts/pagecontent/2019-07-15/pagecontent.xsd" pcGtsId="OCR-D-OCR_0002">
    <pc:Metadata>
        <pc:Creator>OCR-D/core 2.71.0</pc:Creator>
        <pc:Created>2025-04-10T09:45:17.194680</pc:Created>
        <pc:LastChange>2025-04-10T09:45:17.194680</pc:LastChange>
        <pc:MetadataItem type="processingStep" name="layout/segmentation/region" value="ocrd-tesserocr-recognize">
            <pc:Labels externalModel="ocrd-tool" externalId="parameters">
                <pc:Label value="region" type="segmentation_level"/>
                <pc:Label value="word" type="textequiv_level"/>
                <pc:Label value="True" type="find_tables"/>
                <pc:Label value="frak2021" type="model"/>
                <pc:Label value="0" type="dpi"/>
                <pc:Label value="0" type="padding"/>
                <pc:Label value="False" type="overwrite_segments"/>
                <pc:Label value="True" type="overwrite_text"/>
                <pc:Label value="False" type="shrink_polygons"/>
                <pc:Label value="False" type="block_polygons"/>
                <pc:Label value="False" type="find_staves"/>
                <pc:Label value="False" type="sparse_text"/>
                <pc:Label value="False" type="raw_lines"/>
                <pc:Label value="" type="char_whitelist"/>
                <pc:Label value="" type="char_blacklist"/>
                <pc:Label value="" type="char_unblacklist"/>
                <pc:Label value="{}" type="tesseract_parameters"/>
                <pc:Label value="{}" type="xpath_parameters"/>
                <pc:Label value="{}" type="xpath_model"/>
                <pc:Label value="False" type="auto_model"/>
                <pc:Label value="DEFAULT" type="oem"/>
            </pc:Labels>
            <pc:Labels externalModel="ocrd-tool" externalId="version">
                <pc:Label value="0.19.1 (tesseract 5.4.1)" type="ocrd-tesserocr-recognize"/>
                <pc:Label value="2.71.0" type="ocrd/core"/>
            </pc:Labels>
        </pc:MetadataItem>
    </pc:Metadata>
    <pc:Page imageFilename="GT-PAGE/clauren_mimil_1815_0031.jpg" imageWidth="1318" imageHeight="2366">
        <pc:AlternativeImage filename="OCR-D-OCR/OCR-D-OCR_0002.IMG-BIN.png" comments=",binarized,clipped"/>
        <pc:ReadingOrder>
            <pc:OrderedGroup id="reading-order">
                <pc:RegionRefIndexed index="0" regionRef="region0000"/>
                <pc:RegionRefIndexed index="1" regionRef="region0001"/>
                <pc:RegionRefIndexed index="2" regionRef="region0002"/>
                <pc:RegionRefIndexed index="3" regionRef="region0003"/>
            </pc:OrderedGroup>
        </pc:ReadingOrder>
        <pc:TextRegion id="region0000" orientation="0.40572513616894" readingDirection="left-to-right" textLineOrder="top-to-bottom">
            <pc:Coords points="138,348 1215,348 1215,1307 138,1307"/>
            <pc:TextLine id="region0000_line0000">
                <pc:Coords points="240,348 1159,348 1159,432 240,432"/>
                <pc:Word id="region0000_line0000_word0000">
                    <pc:Coords points="240,396 269,396 269,432 240,432"/>
                    <pc:TextEquiv conf="0.538602027893066">
                        <pc:Unicode>„</pc:Unicode>
                    </pc:TextEquiv>
                </pc:Word>
                <pc:Word id="region0000_line0000_word0001">
                    <pc:Coords points="282,365 448,365 448,432 282,432"/>
                    <pc:TextEquiv conf="0.538602027893066">
                        <pc:Unicode>B'huͤtis</pc:Unicode>
                    </pc:TextEquiv>
                </pc:Word>
                <pc:Word id="region0000_line0000_word0002">
                    <pc:Coords points="478,369 603,369 603,416 478,416"/>
                    <pc:TextEquiv conf="0.890488586425781">
                        <pc:Unicode>Gott!</pc:Unicode>
                    </pc:TextEquiv>
                </pc:Word>
                <pc:Word id="region0000_line0000_word0003">
                    <pc:Coords points="626,368 672,368 672,418 626,418"/>
                    <pc:TextEquiv conf="0.859805297851562">
                        <pc:Unicode>*)</pc:Unicode>
                    </pc:TextEquiv>
                </pc:Word>
                <pc:Word id="region0000_line0000_word0004">
                    <pc:Coords points="714,365 776,365 776,419 714,419"/>
                    <pc:TextEquiv conf="0.811264877319336">
                        <pc:Unicode>ſiel</pc:Unicode>
                    </pc:TextEquiv>
                </pc:Word>
                <pc:Word id="region0000_line0000_word0005">
                    <pc:Coords points="812,363 858,363 858,419 812,419"/>
                    <pc:TextEquiv conf="0.916122131347656">
                        <pc:Unicode>ſie</pc:Unicode>
                    </pc:TextEquiv>
                </pc:Word>
                <pc:Word id="region0000_line0000_word0006">
                    <pc:Coords points="888,364 963,364 963,408 888,408"/>
                    <pc:TextEquiv conf="0.959028472900391">
                        <pc:Unicode>mir</pc:Unicode>
                    </pc:TextEquiv>
                </pc:Word>
                <pc:Word id="region0000_line0000_word0007">
                    <pc:Coords points="992,348 1159,348 1159,417 992,417"/>
                    <pc:TextEquiv conf="0.786879577636719">
                        <pc:Unicode>laͤchelnd</pc:Unicode>
                    </pc:TextEquiv>
                </pc:Word>
                <pc:TextEquiv conf="0.787599124908447">
                    <pc:Unicode>„ B'huͤtis Gott! *) ſiel ſie mir laͤchelnd</pc:Unicode>
                </pc:TextEquiv>
            </pc:TextLine>
            <pc:TextLine id="region0000_line0001">
                <pc:Coords points="155,440 1162,440 1162,505 155,505"/>
                <pc:Word id="region0000_line0001_word0000">
                    <pc:Coords points="155,458 222,458 222,503 155,503"/>
                    <pc:TextEquiv conf="0.96462646484375">
                        <pc:Unicode>ins</pc:Unicode>
                    </pc:TextEquiv>
                </pc:Word>
                <pc:Word id="region0000_line0001_word0001">
                    <pc:Coords points="253,455 395,455 395,505 253,505"/>
                    <pc:TextEquiv conf="0.957028427124023">
                        <pc:Unicode>Wort,</pc:Unicode>
                    </pc:TextEquiv>
                </pc:Word>
                <pc:Word id="region0000_line0001_word0002">
                    <pc:Coords points="448,453 574,453 574,505 448,505"/>
                    <pc:TextEquiv conf="0.915229797363281">
                        <pc:Unicode>„was</pc:Unicode>
                    </pc:TextEquiv>
                </pc:Word>
                <pc:Word id="region0000_line0001_word0003">
                    <pc:Coords points="603,441 763,441 763,493 603,493"/>
                    <pc:TextEquiv conf="0.925759429931641">
                        <pc:Unicode>wuͤrdet</pc:Unicode>
                    </pc:TextEquiv>
                </pc:Word>
                <pc:Word id="region0000_line0001_word0004">
                    <pc:Coords points="795,443 878,443 878,499 795,499"/>
                    <pc:TextEquiv conf="0.970157775878906">
                        <pc:Unicode>Ihr</pc:Unicode>
                    </pc:TextEquiv>
                </pc:Word>
                <pc:Word id="region0000_line0001_word0005">
                    <pc:Coords points="914,440 1049,440 1049,487 914,487"/>
                    <pc:TextEquiv conf="0.966725387573242">
                        <pc:Unicode>denken</pc:Unicode>
                    </pc:TextEquiv>
                </pc:Word>
                <pc:Word id="region0000_line0001_word0006">
                    <pc:Coords points="1084,448 1162,448 1162,483 1084,483"/>
                    <pc:TextEquiv conf="0.967966537475586">
                        <pc:Unicode>von</pc:Unicode>
                    </pc:TextEquiv>
                </pc:Word>
                <pc:TextEquiv conf="0.952499117170061">
                    <pc:Unicode>ins Wort, „was wuͤrdet Ihr denken von</pc:Unicode>
                </pc:TextEquiv>
            </pc:TextLine>
            <pc:TextLine id="region0000_line0002">
                <pc:Coords points="154,517 1163,517 1163,602 154,602"/>
                <pc:Word id="region0000_line0002_word0000">
                    <pc:Coords points="154,537 256,537 256,602 154,602"/>
                    <pc:TextEquiv conf="0.959119186401367">
                        <pc:Unicode>mir,</pc:Unicode>
                    </pc:TextEquiv>
                </pc:Word>
                <pc:Word id="region0000_line0002_word0001">
                    <pc:Coords points="297,543 407,543 407,579 297,579"/>
                    <pc:TextEquiv conf="0.95617301940918">
                        <pc:Unicode>wenn</pc:Unicode>
                    </pc:TextEquiv>
                </pc:Word>
                <pc:Word id="region0000_line0002_word0002">
                    <pc:Coords points="440,528 495,528 495,584 440,584"/>
                    <pc:TextEquiv conf="0.968506774902344">
                        <pc:Unicode>ich</pc:Unicode>
                    </pc:TextEquiv>
                </pc:Word>
                <pc:Word id="region0000_line0002_word0003">
                    <pc:Coords points="524,528 604,528 604,582 524,582"/>
                    <pc:TextEquiv conf="0.968506774902344">
                        <pc:Unicode>hier</pc:Unicode>
                    </pc:TextEquiv>
                </pc:Word>
                <pc:Word id="region0000_line0002_word0004">
                    <pc:Coords points="631,525 726,525 726,572 631,572"/>
                    <pc:TextEquiv conf="0.956622009277344">
                        <pc:Unicode>oben</pc:Unicode>
                    </pc:TextEquiv>
                </pc:Word>
                <pc:Word id="region0000_line0002_word0005">
                    <pc:Coords points="750,521 872,521 872,575 750,575"/>
                    <pc:TextEquiv conf="0.966940994262695">
                        <pc:Unicode>blieb,</pc:Unicode>
                    </pc:TextEquiv>
                </pc:Word>
                <pc:Word id="region0000_line0002_word0006">
                    <pc:Coords points="904,525 952,525 952,566 904,566"/>
                    <pc:TextEquiv conf="0.969382171630859">
                        <pc:Unicode>da</pc:Unicode>
                    </pc:TextEquiv>
                </pc:Word>
                <pc:Word id="region0000_line0002_word0007">
                    <pc:Coords points="976,518 1059,518 1059,574 976,574"/>
                    <pc:TextEquiv conf="0.969784545898438">
                        <pc:Unicode>Ihr</pc:Unicode>
                    </pc:TextEquiv>
                </pc:Word>
                <pc:Word id="region0000_line0002_word0008">
                    <pc:Coords points="1081,517 1163,517 1163,571 1081,571"/>
                    <pc:TextEquiv conf="0.953060989379883">
                        <pc:Unicode>hier</pc:Unicode>
                    </pc:TextEquiv>
                </pc:Word>
                <pc:TextEquiv conf="0.963121829562717">
                    <pc:Unicode>mir, wenn ich hier oben blieb, da Ihr hier</pc:Unicode>
                </pc:TextEquiv>
            </pc:TextLine>
            <pc:TextLine id="region0000_line0003">
                <pc:Coords points="156,595 1164,595 1164,671 156,671"/>
                <pc:Word id="region0000_line0003_word0000">
                    <pc:Coords points="156,614 244,614 244,671 156,671"/>
                    <pc:TextEquiv conf="0.931814270019531">
                        <pc:Unicode>ſeid.</pc:Unicode>
                    </pc:TextEquiv>
                </pc:Word>
                <pc:Word id="region0000_line0003_word0001">
                    <pc:Coords points="318,612 416,612 416,658 318,658"/>
                    <pc:TextEquiv conf="0.932865371704102">
                        <pc:Unicode>Das</pc:Unicode>
                    </pc:TextEquiv>
                </pc:Word>
                <pc:Word id="region0000_line0003_word0002">
                    <pc:Coords points="448,602 576,602 576,662 448,662"/>
                    <pc:TextEquiv conf="0.928797607421875">
                        <pc:Unicode>muͤßte</pc:Unicode>
                    </pc:TextEquiv>
                </pc:Word>
                <pc:Word id="region0000_line0003_word0003">
                    <pc:Coords points="608,607 647,607 647,657 608,657"/>
                    <pc:TextEquiv conf="0.963800048828125">
                        <pc:Unicode>ja</pc:Unicode>
                    </pc:TextEquiv>
                </pc:Word>
                <pc:Word id="region0000_line0003_word0004">
                    <pc:Coords points="683,608 741,608 741,650 683,650"/>
                    <pc:TextEquiv conf="0.963542938232422">
                        <pc:Unicode>ein</pc:Unicode>
                    </pc:TextEquiv>
                </pc:Word>
                <pc:Word id="region0000_line0003_word0005">
                    <pc:Coords points="772,596 908,596 908,658 772,658"/>
                    <pc:TextEquiv conf="0.922346725463867">
                        <pc:Unicode>wuͤſcht</pc:Unicode>
                    </pc:TextEquiv>
                </pc:Word>
                <pc:Word id="region0000_line0003_word0006">
                    <pc:Coords points="935,595 1164,595 1164,650 935,650"/>
                    <pc:TextEquiv conf="0.634063148498535">
                        <pc:Unicode>Maidli“)</pc:Unicode>
                    </pc:TextEquiv>
                </pc:Word>
                <pc:TextEquiv conf="0.896747158595494">
                    <pc:Unicode>ſeid. Das muͤßte ja ein wuͤſcht Maidli“)</pc:Unicode>
                </pc:TextEquiv>
            </pc:TextLine>
            <pc:TextLine id="region0000_line0004">
                <pc:Coords points="156,673 1163,673 1163,762 156,762"/>
                <pc:Word id="region0000_line0004_word0000">
                    <pc:Coords points="156,693 267,693 267,762 156,762"/>
                    <pc:TextEquiv conf="0.919404220581055">
                        <pc:Unicode>ſeyn.</pc:Unicode>
                    </pc:TextEquiv>
                </pc:Word>
                <pc:Word id="region0000_line0004_word0001">
                    <pc:Coords points="318,689 450,689 450,743 318,743"/>
                    <pc:TextEquiv conf="0.96162483215332">
                        <pc:Unicode>Nein,</pc:Unicode>
                    </pc:TextEquiv>
                </pc:Word>
                <pc:Word id="region0000_line0004_word0002">
                    <pc:Coords points="491,687 546,687 546,739 491,739"/>
                    <pc:TextEquiv conf="0.967703247070313">
                        <pc:Unicode>ich</pc:Unicode>
                    </pc:TextEquiv>
                </pc:Word>
                <pc:Word id="region0000_line0004_word0003">
                    <pc:Coords points="584,688 706,688 706,732 584,732"/>
                    <pc:TextEquiv conf="0.96990608215332">
                        <pc:Unicode>werde</pc:Unicode>
                    </pc:TextEquiv>
                </pc:Word>
                <pc:Word id="region0000_line0004_word0004">
                    <pc:Coords points="736,686 794,686 794,729 736,729"/>
                    <pc:TextEquiv conf="0.969049072265625">
                        <pc:Unicode>ein</pc:Unicode>
                    </pc:TextEquiv>
                </pc:Word>
                <pc:Word id="region0000_line0004_word0005">
                    <pc:Coords points="818,683 940,683 940,733 818,733"/>
                    <pc:TextEquiv conf="0.969002532958984">
                        <pc:Unicode>wenig</pc:Unicode>
                    </pc:TextEquiv>
                </pc:Word>
                <pc:Word id="region0000_line0004_word0006">
                    <pc:Coords points="964,681 1034,681 1034,723 964,723"/>
                    <pc:TextEquiv conf="0.968744430541992">
                        <pc:Unicode>mit</pc:Unicode>
                    </pc:TextEquiv>
                </pc:Word>
                <pc:Word id="region0000_line0004_word0007">
                    <pc:Coords points="1057,673 1163,673 1163,729 1057,729"/>
                    <pc:TextEquiv conf="0.964413146972656">
                        <pc:Unicode>Euch</pc:Unicode>
                    </pc:TextEquiv>
                </pc:Word>
                <pc:TextEquiv conf="0.961230945587158">
                    <pc:Unicode>ſeyn. Nein, ich werde ein wenig mit Euch</pc:Unicode>
                </pc:TextEquiv>
            </pc:TextLine>
            <pc:TextLine id="region0000_line0005">
                <pc:Coords points="155,751 1163,751 1163,830 155,830"/>
                <pc:Word id="region0000_line0005_word0000">
                    <pc:Coords points="155,751 250,751 250,830 155,830"/>
                    <pc:TextEquiv conf="0.96855354309082">
                        <pc:Unicode>noch</pc:Unicode>
                    </pc:TextEquiv>
                </pc:Word>
                <pc:Word id="region0000_line0005_word0001">
                    <pc:Coords points="480,768 284,768 284,830 480,830"/>
                    <pc:TextEquiv conf="0.920105819702148">
                        <pc:Unicode>verweile,</pc:Unicode>
                    </pc:TextEquiv>
                </pc:Word>
                <pc:Word id="region0000_line0005_word0002">
                    <pc:Coords points="521,775 630,775 630,811 521,811"/>
                    <pc:TextEquiv conf="0.95640380859375">
                        <pc:Unicode>wenn</pc:Unicode>
                    </pc:TextEquiv>
                </pc:Word>
                <pc:Word id="region0000_line0005_word0003">
                    <pc:Coords points="662,761 745,761 745,819 662,819"/>
                    <pc:TextEquiv conf="0.970185546875">
                        <pc:Unicode>Ihr</pc:Unicode>
                    </pc:TextEquiv>
                </pc:Word>
                <pc:Word id="region0000_line0005_word0004">
                    <pc:Coords points="777,765 852,765 852,807 777,807"/>
                    <pc:TextEquiv conf="0.963121337890625">
                        <pc:Unicode>mir</pc:Unicode>
                    </pc:TextEquiv>
                </pc:Word>
                <pc:Word id="region0000_line0005_word0005">
                    <pc:Coords points="881,756 1053,756 1053,811 881,811"/>
                    <pc:TextEquiv conf="0.967003173828125">
                        <pc:Unicode>erlaubt,</pc:Unicode>
                    </pc:TextEquiv>
                </pc:Word>
                <pc:Word id="region0000_line0005_word0006">
                    <pc:Coords points="1084,755 1163,755 1163,800 1084,800"/>
                    <pc:TextEquiv conf="0.966918563842773">
                        <pc:Unicode>und</pc:Unicode>
                    </pc:TextEquiv>
                </pc:Word>
                <pc:TextEquiv conf="0.958898827689035">
                    <pc:Unicode>noch verweile, wenn Ihr mir erlaubt, und</pc:Unicode>
                </pc:TextEquiv>
            </pc:TextLine>
            <pc:TextLine id="region0000_line0006">
                <pc:Coords points="157,831 1163,831 1163,904 157,904"/>
                <pc:Word id="region0000_line0006_word0000">
                    <pc:Coords points="157,855 262,855 262,898 157,898"/>
                    <pc:TextEquiv conf="0.9692041015625">
                        <pc:Unicode>dann</pc:Unicode>
                    </pc:TextEquiv>
                </pc:Word>
                <pc:Word id="region0000_line0006_word0001">
                    <pc:Coords points="293,849 382,849 382,904 293,904"/>
                    <pc:TextEquiv conf="0.969951477050781">
                        <pc:Unicode>gehe</pc:Unicode>
                    </pc:TextEquiv>
                </pc:Word>
                <pc:Word id="region0000_line0006_word0002">
                    <pc:Coords points="412,846 467,846 467,900 412,900"/>
                    <pc:TextEquiv conf="0.965065460205078">
                        <pc:Unicode>ich</pc:Unicode>
                    </pc:TextEquiv>
                </pc:Word>
                <pc:Word id="region0000_line0006_word0003">
                    <pc:Coords points="503,844 595,844 595,899 503,899"/>
                    <pc:TextEquiv conf="0.965065460205078">
                        <pc:Unicode>nach</pc:Unicode>
                    </pc:TextEquiv>
                </pc:Word>
                <pc:Word id="region0000_line0006_word0004">
                    <pc:Coords points="627,843 771,843 771,898 627,898"/>
                    <pc:TextEquiv conf="0.96889404296875">
                        <pc:Unicode>Haus,</pc:Unicode>
                    </pc:TextEquiv>
                </pc:Word>
                <pc:Word id="region0000_line0006_word0005">
                    <pc:Coords points="812,843 888,843 888,886 812,886"/>
                    <pc:TextEquiv conf="0.932647323608398">
                        <pc:Unicode>und</pc:Unicode>
                    </pc:TextEquiv>
                </pc:Word>
                <pc:Word id="region0000_line0006_word0006">
                    <pc:Coords points="922,838 1028,838 1028,895 922,895"/>
                    <pc:TextEquiv conf="0.924530563354492">
                        <pc:Unicode>ſende</pc:Unicode>
                    </pc:TextEquiv>
                </pc:Word>
                <pc:Word id="region0000_line0006_word0007">
                    <pc:Coords points="1059,831 1163,831 1163,887 1059,887"/>
                    <pc:TextEquiv conf="0.968243560791016">
                        <pc:Unicode>Euch</pc:Unicode>
                    </pc:TextEquiv>
                </pc:Word>
                <pc:TextEquiv conf="0.957950248718262">
                    <pc:Unicode>dann gehe ich nach Haus, und ſende Euch</pc:Unicode>
                </pc:TextEquiv>
            </pc:TextLine>
            <pc:TextLine id="region0000_line0007">
                <pc:Coords points="155,911 1165,911 1165,985 155,985"/>
                <pc:Word id="region0000_line0007_word0000">
                    <pc:Coords points="155,932 169,932 169,985 155,985"/>
                    <pc:TextEquiv conf="0.563337631225586">
                        <pc:Unicode>j</pc:Unicode>
                    </pc:TextEquiv>
                </pc:Word>
                <pc:Word id="region0000_line0007_word0001">
                    <pc:Coords points="172,917 499,917 499,985 172,985"/>
                    <pc:TextEquiv conf="0.690117874145508">
                        <pc:Unicode>Nachteße</pc:Unicode>
                    </pc:TextEquiv>
                </pc:Word>
                <pc:Word id="region0000_line0007_word0002">
                    <pc:Coords points="486,911 417,911 417,985 486,985"/>
                    <pc:TextEquiv conf="0.661593780517578">
                        <pc:Unicode>*)</pc:Unicode>
                    </pc:TextEquiv>
                </pc:Word>
                <pc:Word id="region0000_line0007_word0003">
                    <pc:Coords points="521,922 681,922 681,979 521,979"/>
                    <pc:TextEquiv conf="0.962001419067383">
                        <pc:Unicode>herauf;</pc:Unicode>
                    </pc:TextEquiv>
                </pc:Word>
                <pc:Word id="region0000_line0007_word0004">
                    <pc:Coords points="728,925 824,925 824,966 728,966"/>
                    <pc:TextEquiv conf="0.968128433227539">
                        <pc:Unicode>denn</pc:Unicode>
                    </pc:TextEquiv>
                </pc:Word>
                <pc:Word id="region0000_line0007_word0005">
                    <pc:Coords points="855,922 919,922 919,965 855,965"/>
                    <pc:TextEquiv conf="0.968926239013672">
                        <pc:Unicode>der</pc:Unicode>
                    </pc:TextEquiv>
                </pc:Word>
                <pc:Word id="region0000_line0007_word0006">
                    <pc:Coords points="953,915 1070,915 1070,962 953,962"/>
                    <pc:TextEquiv conf="0.968021469116211">
                        <pc:Unicode>Senn</pc:Unicode>
                    </pc:TextEquiv>
                </pc:Word>
                <pc:Word id="region0000_line0007_word0007">
                    <pc:Coords points="1096,911 1165,911 1165,967 1096,967"/>
                    <pc:TextEquiv conf="0.962523040771484">
                        <pc:Unicode>hat</pc:Unicode>
                    </pc:TextEquiv>
                </pc:Word>
                <pc:TextEquiv conf="0.84308123588562">
                    <pc:Unicode>j Nachteße *) herauf; denn der Senn hat</pc:Unicode>
                </pc:TextEquiv>
            </pc:TextLine>
            <pc:TextLine id="region0000_line0008">
                <pc:Coords points="158,993 1164,993 1164,1064 158,1064"/>
                <pc:Word id="region0000_line0008_word0000">
                    <pc:Coords points="158,1008 305,1008 305,1064 158,1064"/>
                    <pc:TextEquiv conf="0.714825439453125">
                        <pc:Unicode>nichts</pc:Unicode>
                    </pc:TextEquiv>
                </pc:Word>
                <pc:Word id="region0000_line0008_word0001">
                    <pc:Coords points="334,1010 397,1010 397,1054 334,1054"/>
                    <pc:TextEquiv conf="0.917184600830078">
                        <pc:Unicode>als</pc:Unicode>
                    </pc:TextEquiv>
                </pc:Word>
                <pc:Word id="region0000_line0008_word0002">
                    <pc:Coords points="420,1008 560,1008 560,1052 420,1052"/>
                    <pc:TextEquiv conf="0.90925537109375">
                        <pc:Unicode>neimis</pc:Unicode>
                    </pc:TextEquiv>
                </pc:Word>
                <pc:Word id="region0000_line0008_word0003">
                    <pc:Coords points="581,1001 768,1001 768,1057 581,1057"/>
                    <pc:TextEquiv conf="0.553021469116211">
                        <pc:Unicode>Rauf</pc:Unicode>
                    </pc:TextEquiv>
                </pc:Word>
                <pc:Word id="region0000_line0008_word0004">
                    <pc:Coords points="780,993 713,993 713,1064 780,1064"/>
                    <pc:TextEquiv conf="0.548008918762207">
                        <pc:Unicode>t),</pc:Unicode>
                    </pc:TextEquiv>
                </pc:Word>
                <pc:Word id="region0000_line0008_word0005">
                    <pc:Coords points="799,993 1054,993 1054,1054 799,1054"/>
                    <pc:TextEquiv conf="0.889378509521484">
                        <pc:Unicode>Schlipmilch</pc:Unicode>
                    </pc:TextEquiv>
                </pc:Word>
                <pc:Word id="region0000_line0008_word0006">
                    <pc:Coords points="1086,993 1164,993 1164,1039 1086,1039"/>
                    <pc:TextEquiv conf="0.969119033813477">
                        <pc:Unicode>und</pc:Unicode>
                    </pc:TextEquiv>
                </pc:Word>
                <pc:TextEquiv conf="0.785827620370047">
                    <pc:Unicode>nichts als neimis Rauf t), Schlipmilch und</pc:Unicode>
                </pc:TextEquiv>
            </pc:TextLine>
            <pc:TextLine id="region0000_line0009">
                <pc:Coords points="158,1086 1215,1086 1215,1145 158,1145"/>
                <pc:Word id="region0000_line0009_word0000">
                    <pc:Coords points="158,1088 328,1088 328,1145 158,1145"/>
                    <pc:TextEquiv conf="0.925216979980469">
                        <pc:Unicode>Schnitze</pc:Unicode>
                    </pc:TextEquiv>
                </pc:Word>
                <pc:Word id="region0000_line0009_word0001">
                    <pc:Coords points="355,1090 370,1090 370,1136 355,1136"/>
                    <pc:TextEquiv conf="0.524260292053223">
                        <pc:Unicode>T</pc:Unicode>
                    </pc:TextEquiv>
                </pc:Word>
                <pc:Word id="region0000_line0009_word0002">
                    <pc:Coords points="379,1086 491,1086 491,1138 379,1138"/>
                    <pc:TextEquiv conf="0.549468269348145">
                        <pc:Unicode>r).“</pc:Unicode>
                    </pc:TextEquiv>
                </pc:Word>
                <pc:Word id="region0000_line0009_word0003">
                    <pc:Coords points="1211,1096 1215,1096 1215,1104 1211,1104"/>
                    <pc:TextEquiv conf="0.">
                        <pc:Unicode>ö</pc:Unicode>
                    </pc:TextEquiv>
                </pc:Word>
                <pc:TextEquiv conf="0.749736385345459">
                    <pc:Unicode>Schnitze T r).“ ö</pc:Unicode>
                </pc:TextEquiv>
            </pc:TextLine>
            <pc:TextLine id="region0000_line0010">
                <pc:Coords points="240,1149 1167,1149 1167,1224 240,1224"/>
                <pc:Word id="region0000_line0010_word0000">
                    <pc:Coords points="240,1166 321,1166 321,1214 240,1214"/>
                    <pc:TextEquiv conf="0.932995300292969">
                        <pc:Unicode>Sie</pc:Unicode>
                    </pc:TextEquiv>
                </pc:Word>
                <pc:Word id="region0000_line0010_word0001">
                    <pc:Coords points="342,1165 468,1165 468,1224 342,1224"/>
                    <pc:TextEquiv conf="0.845329132080078">
                        <pc:Unicode>ſprach</pc:Unicode>
                    </pc:TextEquiv>
                </pc:Word>
                <pc:Word id="region0000_line0010_word0002">
                    <pc:Coords points="490,1175 580,1175 580,1219 490,1219"/>
                    <pc:TextEquiv conf="0.966866455078125">
                        <pc:Unicode>gern</pc:Unicode>
                    </pc:TextEquiv>
                </pc:Word>
                <pc:Word id="region0000_line0010_word0003">
                    <pc:Coords points="604,1165 682,1165 682,1208 604,1208"/>
                    <pc:TextEquiv conf="0.966591186523437">
                        <pc:Unicode>und</pc:Unicode>
                    </pc:TextEquiv>
                </pc:Word>
                <pc:Word id="region0000_line0010_word0004">
                    <pc:Coords points="708,1159 795,1159 795,1211 708,1211"/>
                    <pc:TextEquiv conf="0.966591186523437">
                        <pc:Unicode>viel,</pc:Unicode>
                    </pc:TextEquiv>
                </pc:Word>
                <pc:Word id="region0000_line0010_word0005">
                    <pc:Coords points="825,1160 902,1160 902,1204 825,1204"/>
                    <pc:TextEquiv conf="0.932576370239258">
                        <pc:Unicode>und</pc:Unicode>
                    </pc:TextEquiv>
                </pc:Word>
                <pc:Word id="region0000_line0010_word0006">
                    <pc:Coords points="926,1156 965,1156 965,1213 926,1213"/>
                    <pc:TextEquiv conf="0.911292114257813">
                        <pc:Unicode>ſo</pc:Unicode>
                    </pc:TextEquiv>
                </pc:Word>
                <pc:Word id="region0000_line0010_word0007">
                    <pc:Coords points="988,1149 1167,1149 1167,1207 988,1207"/>
                    <pc:TextEquiv conf="0.903557510375977">
                        <pc:Unicode>traulich,</pc:Unicode>
                    </pc:TextEquiv>
                </pc:Word>
                <pc:TextEquiv conf="0.928224906921387">
                    <pc:Unicode>Sie ſprach gern und viel, und ſo traulich,</pc:Unicode>
                </pc:TextEquiv>
            </pc:TextLine>
            <pc:TextLine id="region0000_line0011">
                <pc:Coords points="138,1233 1167,1233 1167,1307 138,1307"/>
                <pc:Word id="region0000_line0011_word0000">
                    <pc:Coords points="138,1251 228,1251 228,1307 138,1307"/>
                    <pc:TextEquiv conf="0.943046569824219">
                        <pc:Unicode>wie</pc:Unicode>
                    </pc:TextEquiv>
                </pc:Word>
                <pc:Word id="region0000_line0011_word0001">
                    <pc:Coords points="258,1250 317,1250 317,1294 258,1294"/>
                    <pc:TextEquiv conf="0.970098876953125">
                        <pc:Unicode>ein</pc:Unicode>
                    </pc:TextEquiv>
                </pc:Word>
                <pc:Word id="region0000_line0011_word0002">
                    <pc:Coords points="345,1244 474,1244 474,1299 345,1299"/>
                    <pc:TextEquiv conf="0.966699523925781">
                        <pc:Unicode>Kind,</pc:Unicode>
                    </pc:TextEquiv>
                </pc:Word>
                <pc:Word id="region0000_line0011_word0003">
                    <pc:Coords points="519,1246 595,1246 595,1288 519,1288"/>
                    <pc:TextEquiv conf="0.969984130859375">
                        <pc:Unicode>und</pc:Unicode>
                    </pc:TextEquiv>
                </pc:Word>
                <pc:Word id="region0000_line0011_word0004">
                    <pc:Coords points="631,1246 727,1246 727,1287 631,1287"/>
                    <pc:TextEquiv conf="0.970003509521484">
                        <pc:Unicode>denn</pc:Unicode>
                    </pc:TextEquiv>
                </pc:Word>
                <pc:Word id="region0000_line0011_word0005">
                    <pc:Coords points="757,1239 847,1239 847,1292 757,1292"/>
                    <pc:TextEquiv conf="0.963016204833984">
                        <pc:Unicode>doch</pc:Unicode>
                    </pc:TextEquiv>
                </pc:Word>
                <pc:Word id="region0000_line0011_word0006">
                    <pc:Coords points="870,1240 1006,1240 1006,1283 870,1283"/>
                    <pc:TextEquiv conf="0.963700714111328">
                        <pc:Unicode>wieder</pc:Unicode>
                    </pc:TextEquiv>
                </pc:Word>
                <pc:Word id="region0000_line0011_word0007">
                    <pc:Coords points="1028,1233 1066,1233 1066,1289 1028,1289"/>
                    <pc:TextEquiv conf="0.927996826171875">
                        <pc:Unicode>ſo</pc:Unicode>
                    </pc:TextEquiv>
                </pc:Word>
                <pc:Word id="region0000_line0011_word0008">
                    <pc:Coords points="1088,1241 1167,1241 1167,1276 1088,1276"/>
                    <pc:TextEquiv conf="0.722191162109375">
                        <pc:Unicode>ver⸗</pc:Unicode>
                    </pc:TextEquiv>
                </pc:Word>
                <pc:TextEquiv conf="0.932970835367839">
                    <pc:Unicode>wie ein Kind, und denn doch wieder ſo ver⸗</pc:Unicode>
                </pc:TextEquiv>
            </pc:TextLine>
            <pc:TextEquiv conf="0.893157353010127">
                <pc:Unicode>„ B'huͤtis Gott! *) ſiel ſie mir laͤchelnd
ins Wort, „was wuͤrdet Ihr denken von
mir, wenn ich hier oben blieb, da Ihr hier
ſeid. Das muͤßte ja ein wuͤſcht Maidli“)
ſeyn. Nein, ich werde ein wenig mit Euch
noch verweile, wenn Ihr mir erlaubt, und
dann gehe ich nach Haus, und ſende Euch
j Nachteße *) herauf; denn der Senn hat
nichts als neimis Rauf t), Schlipmilch und
Schnitze T r).“ ö
Sie ſprach gern und viel, und ſo traulich,
wie ein Kind, und denn doch wieder ſo ver⸗</pc:Unicode>
            </pc:TextEquiv>
        </pc:TextRegion>
        <pc:TextRegion id="region0001" orientation="0.40572513616894" type="floating" readingDirection="left-to-right" textLineOrder="top-to-bottom">
            <pc:Coords points="136,1298 1169,1298 1169,1383 136,1383"/>
            <pc:TextLine id="region0001_line0000">
                <pc:Coords points="136,1298 1169,1298 1169,1383 136,1383"/>
                <pc:Word id="region0001_line0000_word0000">
                    <pc:Coords points="136,1319 306,1319 306,1383 136,1383"/>
                    <pc:TextEquiv conf="0.8266015625">
                        <pc:Unicode>ſtaͤndig</pc:Unicode>
                    </pc:TextEquiv>
                </pc:Word>
                <pc:Word id="region0001_line0000_word0001">
                    <pc:Coords points="330,1328 407,1328 407,1370 330,1370"/>
                    <pc:TextEquiv conf="0.968684158325195">
                        <pc:Unicode>und</pc:Unicode>
                    </pc:TextEquiv>
                </pc:Word>
                <pc:Word id="region0001_line0000_word0002">
                    <pc:Coords points="433,1321 697,1321 697,1375 433,1375"/>
                    <pc:TextEquiv conf="0.947016220092773">
                        <pc:Unicode>unterrichtet,</pc:Unicode>
                    </pc:TextEquiv>
                </pc:Word>
                <pc:Word id="region0001_line0000_word0003">
                    <pc:Coords points="728,1322 799,1322 799,1365 728,1365"/>
                    <pc:TextEquiv conf="0.969633102416992">
                        <pc:Unicode>wie</pc:Unicode>
                    </pc:TextEquiv>
                </pc:Word>
                <pc:Word id="region0001_line0000_word0004">
                    <pc:Coords points="830,1318 940,1318 940,1363 830,1363"/>
                    <pc:TextEquiv conf="0.967937698364258">
                        <pc:Unicode>kaum</pc:Unicode>
                    </pc:TextEquiv>
                </pc:Word>
                <pc:Word id="region0001_line0000_word0005">
                    <pc:Coords points="963,1316 1022,1316 1022,1359 963,1359"/>
                    <pc:TextEquiv conf="0.965704193115234">
                        <pc:Unicode>ein</pc:Unicode>
                    </pc:TextEquiv>
                </pc:Word>
                <pc:Word id="region0001_line0000_word0006">
                    <pc:Coords points="1044,1298 1169,1298 1169,1361 1044,1361"/>
                    <pc:TextEquiv conf="0.92434440612793">
                        <pc:Unicode>Maͤd⸗</pc:Unicode>
                    </pc:TextEquiv>
                </pc:Word>
                <pc:TextEquiv conf="0.938560191563198">
                    <pc:Unicode>ſtaͤndig und unterrichtet, wie kaum ein Maͤd⸗</pc:Unicode>
                </pc:TextEquiv>
            </pc:TextLine>
            <pc:TextEquiv conf="0.938560191563198">
                <pc:Unicode>ſtaͤndig und unterrichtet, wie kaum ein Maͤd⸗</pc:Unicode>
            </pc:TextEquiv>
        </pc:TextRegion>
        <pc:TextRegion id="region0002" orientation="0.40572513616894" readingDirection="left-to-right" textLineOrder="top-to-bottom">
            <pc:Coords points="158,1390 1196,1390 1196,1541 158,1541"/>
            <pc:TextLine id="region0002_line0000">
                <pc:Coords points="161,1390 1196,1390 1196,1460 161,1460"/>
                <pc:Word id="region0002_line0000_word0000">
                    <pc:Coords points="161,1405 245,1405 245,1460 161,1460"/>
                    <pc:TextEquiv conf="0.968005828857422">
                        <pc:Unicode>chen</pc:Unicode>
                    </pc:TextEquiv>
                </pc:Word>
                <pc:Word id="region0002_line0000_word0001">
                    <pc:Coords points="264,1407 349,1407 349,1449 264,1449"/>
                    <pc:TextEquiv conf="0.932912216186523">
                        <pc:Unicode>aus</pc:Unicode>
                    </pc:TextEquiv>
                </pc:Word>
                <pc:Word id="region0002_line0000_word0002">
                    <pc:Coords points="379,1403 513,1403 513,1459 379,1459"/>
                    <pc:TextEquiv conf="0.921530380249023">
                        <pc:Unicode>unſern</pc:Unicode>
                    </pc:TextEquiv>
                </pc:Word>
                <pc:Word id="region0002_line0000_word0003">
                    <pc:Coords points="538,1401 650,1401 650,1456 538,1456"/>
                    <pc:TextEquiv conf="0.925134429931641">
                        <pc:Unicode>erſten</pc:Unicode>
                    </pc:TextEquiv>
                </pc:Word>
                <pc:Word id="region0002_line0000_word0004">
                    <pc:Coords points="672,1397 837,1397 837,1453 672,1453"/>
                    <pc:TextEquiv conf="0.968322067260742">
                        <pc:Unicode>Zirkeln.</pc:Unicode>
                    </pc:TextEquiv>
                </pc:Word>
                <pc:Word id="region0002_line0000_word0005">
                    <pc:Coords points="894,1393 978,1393 978,1450 894,1450"/>
                    <pc:TextEquiv conf="0.931994934082031">
                        <pc:Unicode>Ihr</pc:Unicode>
                    </pc:TextEquiv>
                </pc:Word>
                <pc:Word id="region0002_line0000_word0006">
                    <pc:Coords points="997,1390 1196,1390 1196,1444 997,1444"/>
                    <pc:TextEquiv conf="0.872559356689453">
                        <pc:Unicode>Schwei⸗</pc:Unicode>
                    </pc:TextEquiv>
                </pc:Word>
                <pc:TextEquiv conf="0.931494173322405">
                    <pc:Unicode>chen aus unſern erſten Zirkeln. Ihr Schwei⸗</pc:Unicode>
                </pc:TextEquiv>
            </pc:TextLine>
            <pc:TextLine id="region0002_line0001">
                <pc:Coords points="158,1464 1170,1464 1170,1541 158,1541"/>
                <pc:Word id="region0002_line0001_word0000">
                    <pc:Coords points="158,1479 581,1479 581,1541 158,1541"/>
                    <pc:TextEquiv conf="0.899253768920898">
                        <pc:Unicode>zeriſch⸗Hochdeutſch</pc:Unicode>
                    </pc:TextEquiv>
                </pc:Word>
                <pc:Word id="region0002_line0001_word0001">
                    <pc:Coords points="626,1478 736,1478 736,1533 626,1533"/>
                    <pc:TextEquiv conf="0.966717529296875">
                        <pc:Unicode>klang</pc:Unicode>
                    </pc:TextEquiv>
                </pc:Word>
                <pc:Word id="region0002_line0001_word0002">
                    <pc:Coords points="778,1480 820,1480 820,1522 778,1522"/>
                    <pc:TextEquiv conf="0.969829864501953">
                        <pc:Unicode>in</pc:Unicode>
                    </pc:TextEquiv>
                </pc:Word>
                <pc:Word id="region0002_line0001_word0003">
                    <pc:Coords points="866,1472 988,1472 988,1529 866,1529"/>
                    <pc:TextEquiv conf="0.968266067504883">
                        <pc:Unicode>ihrem</pc:Unicode>
                    </pc:TextEquiv>
                </pc:Word>
                <pc:Word id="region0002_line0001_word0004">
                    <pc:Coords points="1029,1464 1170,1464 1170,1529 1029,1529"/>
                    <pc:TextEquiv conf="0.967860107421875">
                        <pc:Unicode>kleinen</pc:Unicode>
                    </pc:TextEquiv>
                </pc:Word>
                <pc:TextEquiv conf="0.954385467529297">
                    <pc:Unicode>zeriſch⸗Hochdeutſch klang in ihrem kleinen</pc:Unicode>
                </pc:TextEquiv>
            </pc:TextLine>
            <pc:TextEquiv conf="0.942939820425851">
                <pc:Unicode>chen aus unſern erſten Zirkeln. Ihr Schwei⸗
zeriſch⸗Hochdeutſch klang in ihrem kleinen</pc:Unicode>
            </pc:TextEquiv>
        </pc:TextRegion>
        <pc:TextRegion id="region0003" orientation="0.40572513616894" readingDirection="left-to-right" textLineOrder="top-to-bottom">
            <pc:Coords points="184,1685 1035,1685 1035,2100 184,2100"/>
            <pc:TextLine id="region0003_line0000">
                <pc:Coords points="203,1685 542,1685 542,1734 203,1734"/>
                <pc:Word id="region0003_line0000_word0000">
                    <pc:Coords points="203,1689 242,1689 242,1734 203,1734"/>
                    <pc:TextEquiv conf="0.696941070556641">
                        <pc:Unicode>)</pc:Unicode>
                    </pc:TextEquiv>
                </pc:Word>
                <pc:Word id="region0003_line0000_word0001">
                    <pc:Coords points="267,1687 361,1687 361,1728 267,1728"/>
                    <pc:TextEquiv conf="0.959149322509766">
                        <pc:Unicode>Gott</pc:Unicode>
                    </pc:TextEquiv>
                </pc:Word>
                <pc:Word id="region0003_line0000_word0002">
                    <pc:Coords points="380,1685 542,1685 542,1733 380,1733"/>
                    <pc:TextEquiv conf="0.954261474609375">
                        <pc:Unicode>bewahre.</pc:Unicode>
                    </pc:TextEquiv>
                </pc:Word>
                <pc:TextEquiv conf="0.870117289225261">
                    <pc:Unicode>) Gott bewahre.</pc:Unicode>
                </pc:TextEquiv>
            </pc:TextLine>
            <pc:TextLine id="region0003_line0001">
                <pc:Coords points="205,1762 1035,1762 1035,1826 205,1826"/>
                <pc:Word id="region0003_line0001_word0000">
                    <pc:Coords points="205,1780 261,1780 261,1826 205,1826"/>
                    <pc:TextEquiv conf="0.302044525146484">
                        <pc:Unicode>5h)</pc:Unicode>
                    </pc:TextEquiv>
                </pc:Word>
                <pc:Word id="region0003_line0001_word0001">
                    <pc:Coords points="285,1775 551,1775 551,1823 285,1823"/>
                    <pc:TextEquiv conf="0.894797134399414">
                        <pc:Unicode>Leichtfertiges,</pc:Unicode>
                    </pc:TextEquiv>
                </pc:Word>
                <pc:Word id="region0003_line0001_word0002">
                    <pc:Coords points="572,1768 827,1768 827,1820 572,1820"/>
                    <pc:TextEquiv conf="0.911563720703125">
                        <pc:Unicode>unbeſonnenes</pc:Unicode>
                    </pc:TextEquiv>
                </pc:Word>
                <pc:Word id="region0003_line0001_word0003">
                    <pc:Coords points="848,1762 1035,1762 1035,1814 848,1814"/>
                    <pc:TextEquiv conf="0.622396430969238">
                        <pc:Unicode>Maͤdchen,</pc:Unicode>
                    </pc:TextEquiv>
                </pc:Word>
                <pc:TextEquiv conf="0.682700452804565">
                    <pc:Unicode>5h) Leichtfertiges, unbeſonnenes Maͤdchen,</pc:Unicode>
                </pc:TextEquiv>
            </pc:TextLine>
            <pc:TextLine id="region0003_line0002">
                <pc:Coords points="184,1866 524,1866 524,1915 184,1915"/>
                <pc:Word id="region0003_line0002_word0000">
                    <pc:Coords points="184,1866 284,1866 284,1915 184,1915"/>
                    <pc:TextEquiv conf="0.186870956420898">
                        <pc:Unicode>99</pc:Unicode>
                    </pc:TextEquiv>
                </pc:Word>
                <pc:Word id="region0003_line0002_word0001">
                    <pc:Coords points="309,1867 524,1867 524,1915 309,1915"/>
                    <pc:TextEquiv conf="0.853841247558594">
                        <pc:Unicode>Abendeſſen.</pc:Unicode>
                    </pc:TextEquiv>
                </pc:Word>
                <pc:TextEquiv conf="0.520356101989746">
                    <pc:Unicode>99 Abendeſſen.</pc:Unicode>
                </pc:TextEquiv>
            </pc:TextLine>
            <pc:TextLine id="region0003_line0003">
                <pc:Coords points="208,1956 629,1956 629,2004 208,2004"/>
                <pc:Word id="region0003_line0003_word0000">
                    <pc:Coords points="208,1959 252,1959 252,2004 208,2004"/>
                    <pc:TextEquiv conf="0.633202819824219">
                        <pc:Unicode>)</pc:Unicode>
                    </pc:TextEquiv>
                </pc:Word>
                <pc:Word id="region0003_line0003_word0001">
                    <pc:Coords points="275,1958 399,1958 399,1999 275,1999"/>
                    <pc:TextEquiv conf="0.932884902954102">
                        <pc:Unicode>Etwas</pc:Unicode>
                    </pc:TextEquiv>
                </pc:Word>
                <pc:Word id="region0003_line0003_word0002">
                    <pc:Coords points="416,1956 629,1956 629,1998 416,1998"/>
                    <pc:TextEquiv conf="0.916014251708984">
                        <pc:Unicode>Brodrinde.</pc:Unicode>
                    </pc:TextEquiv>
                </pc:Word>
                <pc:TextEquiv conf="0.827367324829102">
                    <pc:Unicode>) Etwas Brodrinde.</pc:Unicode>
                </pc:TextEquiv>
            </pc:TextLine>
            <pc:TextLine id="region0003_line0004">
                <pc:Coords points="211,2041 817,2041 817,2100 211,2100"/>
                <pc:Word id="region0003_line0004_word0000">
                    <pc:Coords points="211,2049 280,2049 280,2095 211,2095"/>
                    <pc:TextEquiv conf="0.468809547424316">
                        <pc:Unicode>1)</pc:Unicode>
                    </pc:TextEquiv>
                </pc:Word>
                <pc:Word id="region0003_line0004_word0001">
                    <pc:Coords points="303,2045 534,2045 534,2095 303,2095"/>
                    <pc:TextEquiv conf="0.955248870849609">
                        <pc:Unicode>Buttermilch</pc:Unicode>
                    </pc:TextEquiv>
                </pc:Word>
                <pc:Word id="region0003_line0004_word0002">
                    <pc:Coords points="553,2046 625,2046 625,2100 553,2100"/>
                    <pc:TextEquiv conf="0.93289794921875">
                        <pc:Unicode>und</pc:Unicode>
                    </pc:TextEquiv>
                </pc:Word>
                <pc:Word id="region0003_line0004_word0003">
                    <pc:Coords points="645,2041 817,2041 817,2091 645,2091"/>
                    <pc:TextEquiv conf="0.639123344421387">
                        <pc:Unicode>Backobſt,</pc:Unicode>
                    </pc:TextEquiv>
                </pc:Word>
                <pc:TextEquiv conf="0.749019927978516">
                    <pc:Unicode>1) Buttermilch und Backobſt,</pc:Unicode>
                </pc:TextEquiv>
            </pc:TextLine>
            <pc:TextEquiv conf="0.729912219365438">
                <pc:Unicode>) Gott bewahre.
5h) Leichtfertiges, unbeſonnenes Maͤdchen,
99 Abendeſſen.
) Etwas Brodrinde.
1) Buttermilch und Backobſt,</pc:Unicode>
            </pc:TextEquiv>
        </pc:TextRegion>
    </pc:Page>
</pc:PcGts>
