1318 2366
568 270 626 313 *

279 360 421 421 ſolchen
445 361 544 417 nicht
564 364 754 432 erhalten;
786 368 826 421 „)
863 373 922 416 die
940 370 1089 429 Kugel,
1119 379 1179 423 die
1193 363 1285 433 zwi⸗

275 442 378 500 ſchen
402 447 487 494 zwei
513 444 664 499 Rippen
697 447 769 500 auf
788 451 851 494 der
882 450 999 497 linken
1025 453 1145 510 Bruſt
1173 454 1275 520 ſitzen

273 520 485 577 geblieben,
525 522 568 577 iſt
600 527 638 569 in
666 524 849 590 Freiburg
881 528 1021 583 heraus
1053 534 1274 588 geſchnitten

268 604 424 649 worden;
478 601 531 654 ich
556 608 661 656 trage
685 604 729 658 ſie
750 609 829 662 jetzt
858 621 910 654 an
944 614 1061 656 einem
1089 613 1273 666 goldenen

264 678 440 734 Kettchen
464 681 537 734 auf
553 687 710 728 meinem
723 676 897 740 Herzen;
930 689 1024 746 ſeine
1053 692 1274 746 Hiebwunde

265 758 310 813 iſt
335 760 541 814 ſchlimmer
563 763 747 818 geweſen;
792 767 881 822 doch
915 768 1006 822 heilt
1030 771 1074 826 ſie
1094 774 1172 829 jetzt
1190 764 1304 822 von

263 837 375 892 Tage
405 851 446 893 zu
469 837 579 894 Tage
605 832 737 888 immer
769 845 901 901 beſſer,
941 853 1019 896 und
1043 854 1111 897 die
1131 852 1268 902 Narbe

259 923 365 968 wird
389 919 468 969 ihm
502 922 598 972 recht
630 922 790 979 ſchmuck
816 927 940 982 laſſen.
1004 930 1138 986 Selbſt
1171 932 1265 989 ſeine

256 992 394 1053 Blaͤſſe
425 1000 555 1044 kleidet
578 1002 642 1054 ihn
672 1004 770 1055 nicht
788 998 894 1055 uͤbel;
928 1019 966 1053 er
989 1007 1031 1064 iſt
1051 1009 1160 1064 zahm
1183 1015 1263 1059 und

253 1077 396 1133 fromm
424 1083 634 1134 geworden,
663 1087 739 1128 und
763 1087 836 1129 das
859 1085 924 1141 ſoll
946 1090 1020 1132 mir
1045 1091 1084 1135 in
1106 1094 1170 1135 der
1181 1090 1266 1152 Ehe

250 1167 296 1211 zu
319 1156 416 1212 paſſe
440 1157 631 1206 kommen,
671 1165 765 1207 denn
797 1175 833 1208 er
863 1172 945 1209 war
968 1164 1063 1222 ſonſt
1085 1171 1264 1221 zuweilen

253 1236 345 1288 auch
369 1248 438 1289 gar
460 1248 502 1289 zu
526 1237 615 1282 wild
638 1244 715 1285 und
737 1234 949 1296 unbaͤndig.

322 1315 392 1361 Er
411 1309 517 1368 traͤgt
540 1320 614 1360 mir
639 1316 724 1363 eben
746 1322 850 1365 einen
871 1321 960 1375 Kuß
981 1333 1032 1367 an
1047 1322 1150 1378 Euch
1175 1327 1259 1381 auf,

249 1394 341 1441 aber
366 1399 433 1440 den
456 1395 540 1447 ſollt
554 1395 637 1451 Ihr
661 1404 728 1452 gut
748 1397 898 1452 haben,
914 1399 977 1446 bis
996 1402 1049 1458 ich
1072 1403 1139 1458 ihn
1152 1402 1255 1460 Euch

248 1473 354 1532 ſelbſt
379 1474 490 1527 geben
516 1475 628 1521 kann.

331 1554 415 1609 Ihr
437 1549 544 1608 muͤßt
565 1555 870 1613 ſchlechterdings
890 1559 948 1606 bei
980 1549 1134 1618 unſerer
1153 1553 1289 1563 Hoch

245 1636 314 1687 zeit
347 1634 454 1689 ſeyn,
499 1639 558 1680 die
588 1637 660 1690 auf
689 1628 852 1733 nächſten
884 1638 1252 1697 Himmelfahrtstag

276 1757 314 1802 )
341 1755 458 1801 Dieſer
478 1755 585 1800 Brief
611 1757 682 1797 traf
707 1723 765 1800 erf
797 1767 839 1805 14
858 1758 952 1805 Tage
978 1761 1060 1802 nach
1088 1761 1248 1808 Mimilis

332 1813 519 1853 Schreiben
537 1813 612 1857 ein;
639 1814 684 1856 ich
706 1816 798 1859 hatte
816 1818 1035 1863 unterdeſſen,
1057 1808 1248 1923 1

329 1866 454 1936 ſchafte
485 1870 612 1914 halber,
653 1870 830 1917 einigemal
870 1874 1002 1913 meinen
1041 1873 1248 1919 Aufenthalt

328 1922 514 1964 veraͤndern
534 1925 672 1973 muſſen,
699 1930 768 1965 und
788 1929 887 1973 daher
907 1938 976 1968 war
996 1930 1062 1970 mir
1080 1932 1136 1970 der
1149 1928 1246 1980 Frei⸗

326 1982 447 2026 burger
468 1981 574 2025 Brief
591 1992 658 2024 von
685 1984 792 2028 einem
809 1986 883 2029 Ort
907 1993 982 2032 zum
999 1988 1128 2030 andern
1144 1997 1166 2030 N
1191 1985 1243 2080 7
1265 2044 1269 2048 N

330 2039 483 2087 geſendet
504 2040 652 2083 worden.
1194 2087 1202 2091 a
